%YAML 1.1
%TAG !u! tag:unity3d.com,2011:
--- !u!1001 &100100000
Prefab:
  m_ObjectHideFlags: 1
  serializedVersion: 2
  m_Modification:
    m_TransformParent: {fileID: 0}
    m_Modifications: []
    m_RemovedComponents: []
  m_ParentPrefab: {fileID: 0}
  m_RootGameObject: {fileID: 1397589414221718}
  m_IsPrefabParent: 1
--- !u!1 &1397589414221718
GameObject:
  m_ObjectHideFlags: 0
  m_PrefabParentObject: {fileID: 0}
  m_PrefabInternal: {fileID: 100100000}
  serializedVersion: 5
  m_Component:
  - component: {fileID: 4315940215511678}
  - component: {fileID: 114747646061480268}
  - component: {fileID: 114007007003144598}
  - component: {fileID: 65554924843736634}
  - component: {fileID: 114045840447797470}
  - component: {fileID: 114997414012725800}
  m_Layer: 0
  m_Name: ItemSpawner
  m_TagString: Untagged
  m_Icon: {fileID: 0}
  m_NavMeshLayer: 0
  m_StaticEditorFlags: 0
  m_IsActive: 1
--- !u!4 &4315940215511678
Transform:
  m_ObjectHideFlags: 1
  m_PrefabParentObject: {fileID: 0}
  m_PrefabInternal: {fileID: 100100000}
  m_GameObject: {fileID: 1397589414221718}
  m_LocalRotation: {x: -0, y: -0, z: -0, w: 1}
  m_LocalPosition: {x: -11.02, y: 1.79, z: -0.18300629}
  m_LocalScale: {x: 1, y: 1.7302799, z: 4.97771}
  m_Children: []
  m_Father: {fileID: 0}
  m_RootOrder: 0
  m_LocalEulerAnglesHint: {x: 0, y: 0, z: 0}
--- !u!65 &65554924843736634
BoxCollider:
  m_ObjectHideFlags: 1
  m_PrefabParentObject: {fileID: 0}
  m_PrefabInternal: {fileID: 100100000}
  m_GameObject: {fileID: 1397589414221718}
  m_Material: {fileID: 0}
  m_IsTrigger: 1
  m_Enabled: 1
  serializedVersion: 2
  m_Size: {x: 1, y: 0.72097164, z: 0.43277982}
  m_Center: {x: 0, y: 1.0363827, z: 0.09453625}
--- !u!114 &114007007003144598
MonoBehaviour:
  m_ObjectHideFlags: 3
  m_PrefabParentObject: {fileID: 0}
  m_PrefabInternal: {fileID: 100100000}
  m_GameObject: {fileID: 1397589414221718}
  m_Enabled: 1
  m_EditorHideFlags: 0
  m_Script: {fileID: 112998890, guid: 325c5b2a7434372429c2ca9d61dba58e, type: 3}
  m_Name: 
  m_EditorClassIdentifier: 
  _guid: 6e8f359a-91c4-4144-b45e-6be704dfd7b1
--- !u!114 &114045840447797470
MonoBehaviour:
  m_ObjectHideFlags: 1
  m_PrefabParentObject: {fileID: 0}
  m_PrefabInternal: {fileID: 100100000}
  m_GameObject: {fileID: 1397589414221718}
  m_Enabled: 1
  m_EditorHideFlags: 0
  m_Script: {fileID: 11500000, guid: bce5209fc31ea2e4eab105c6a737db83, type: 3}
  m_Name: 
  m_EditorClassIdentifier: 
  itemNum: 1
--- !u!114 &114747646061480268
MonoBehaviour:
  m_ObjectHideFlags: 3
  m_PrefabParentObject: {fileID: 0}
  m_PrefabInternal: {fileID: 100100000}
  m_GameObject: {fileID: 1397589414221718}
  m_Enabled: 1
  m_EditorHideFlags: 0
  m_Script: {fileID: -605777808, guid: 325c5b2a7434372429c2ca9d61dba58e, type: 3}
  m_Name: 
  m_EditorClassIdentifier: 
  _guid: 
  _referenceCollection:
    _collection:
    - {fileID: 1397589414221718}
  _assetGuid: 10829c47c9154a948906d92621a811b4
--- !u!114 &114997414012725800
MonoBehaviour:
  m_ObjectHideFlags: 1
  m_PrefabParentObject: {fileID: 0}
  m_PrefabInternal: {fileID: 100100000}
  m_GameObject: {fileID: 1397589414221718}
  m_Enabled: 1
  m_EditorHideFlags: 0
  m_Script: {fileID: 11500000, guid: 8e90aefebb88261478eb41e104a51506, type: 3}
  m_Name: 
  m_EditorClassIdentifier: 
  ojPrefab: {fileID: 1269946002336412, guid: 54659d891ecda3641a4725ce4e9737bf, type: 2}
  scrollPrefab: {fileID: 1186093200857532, guid: f17294abafe4f4a42b6e961bc4bbd675,
    type: 2}
  effectPrefab: {fileID: 1372456078914966, guid: 498fe5d61c4ec2547bae6c06aed73ce8,
    type: 2}
  bonusXpPrefab: {fileID: 1965473064560568, guid: 35256a9428cbb3d45a3898b169fbd842,
    type: 2}
  heartCreate: 0
  scrollCreate: 100
  bonusXp: 500
