%YAML 1.1
%TAG !u! tag:unity3d.com,2011:
--- !u!1001 &100100000
Prefab:
  m_ObjectHideFlags: 1
  serializedVersion: 2
  m_Modification:
    m_TransformParent: {fileID: 0}
    m_Modifications: []
    m_RemovedComponents: []
  m_ParentPrefab: {fileID: 0}
  m_RootGameObject: {fileID: 1623620449719972}
  m_IsPrefabParent: 1
--- !u!1 &1623620449719972
GameObject:
  m_ObjectHideFlags: 0
  m_PrefabParentObject: {fileID: 0}
  m_PrefabInternal: {fileID: 100100000}
  serializedVersion: 5
  m_Component:
  - component: {fileID: 4586664911104694}
  - component: {fileID: 33486153387347490}
  - component: {fileID: 23145720232288036}
  - component: {fileID: 114272157549053344}
  - component: {fileID: 114997940493203012}
  - component: {fileID: 65114604132800684}
  - component: {fileID: 114521887311004558}
  - component: {fileID: 114607328569184750}
  m_Layer: 0
  m_Name: Rocks_2 (1)
  m_TagString: Construct
  m_Icon: {fileID: 0}
  m_NavMeshLayer: 0
  m_StaticEditorFlags: 0
  m_IsActive: 1
--- !u!4 &4586664911104694
Transform:
  m_ObjectHideFlags: 1
  m_PrefabParentObject: {fileID: 0}
  m_PrefabInternal: {fileID: 100100000}
  m_GameObject: {fileID: 1623620449719972}
  m_LocalRotation: {x: -0, y: 0.7071068, z: -0, w: 0.7071068}
  m_LocalPosition: {x: 123.2192, y: 1.09, z: 0.06498718}
  m_LocalScale: {x: 3.0649812, y: 2.4674995, z: 2.3602614}
  m_Children: []
  m_Father: {fileID: 0}
  m_RootOrder: 0
  m_LocalEulerAnglesHint: {x: 0, y: 90, z: 0}
--- !u!23 &23145720232288036
MeshRenderer:
  m_ObjectHideFlags: 1
  m_PrefabParentObject: {fileID: 0}
  m_PrefabInternal: {fileID: 100100000}
  m_GameObject: {fileID: 1623620449719972}
  m_Enabled: 1
  m_CastShadows: 0
  m_ReceiveShadows: 1
  m_DynamicOccludee: 1
  m_MotionVectors: 1
  m_LightProbeUsage: 1
  m_ReflectionProbeUsage: 1
  m_Materials:
  - {fileID: 2100000, guid: 047a30de6e50b6d4283fa25b5236fb92, type: 2}
  m_StaticBatchInfo:
    firstSubMesh: 0
    subMeshCount: 0
  m_StaticBatchRoot: {fileID: 0}
  m_ProbeAnchor: {fileID: 0}
  m_LightProbeVolumeOverride: {fileID: 0}
  m_ScaleInLightmap: 1
  m_PreserveUVs: 0
  m_IgnoreNormalsForChartDetection: 0
  m_ImportantGI: 0
  m_StitchLightmapSeams: 0
  m_SelectedEditorRenderState: 3
  m_MinimumChartSize: 4
  m_AutoUVMaxDistance: 0.5
  m_AutoUVMaxAngle: 89
  m_LightmapParameters: {fileID: 0}
  m_SortingLayerID: 0
  m_SortingLayer: 0
  m_SortingOrder: 0
--- !u!33 &33486153387347490
MeshFilter:
  m_ObjectHideFlags: 1
  m_PrefabParentObject: {fileID: 0}
  m_PrefabInternal: {fileID: 100100000}
  m_GameObject: {fileID: 1623620449719972}
  m_Mesh: {fileID: 4300000, guid: a8c56a9a492ba85448c53584920911e1, type: 3}
--- !u!65 &65114604132800684
BoxCollider:
  m_ObjectHideFlags: 1
  m_PrefabParentObject: {fileID: 0}
  m_PrefabInternal: {fileID: 100100000}
  m_GameObject: {fileID: 1623620449719972}
  m_Material: {fileID: 0}
  m_IsTrigger: 0
  m_Enabled: 1
  serializedVersion: 2
  m_Size: {x: 2.2426577, y: 1.9454107, z: 2.3883247}
  m_Center: {x: 0.055642784, y: 0.33194947, z: -0.002311647}
--- !u!114 &114272157549053344
MonoBehaviour:
  m_ObjectHideFlags: 1
  m_PrefabParentObject: {fileID: 0}
  m_PrefabInternal: {fileID: 100100000}
  m_GameObject: {fileID: 1623620449719972}
  m_Enabled: 1
  m_EditorHideFlags: 0
  m_Script: {fileID: -605777808, guid: 325c5b2a7434372429c2ca9d61dba58e, type: 3}
  m_Name: 
  m_EditorClassIdentifier: 
  _guid: 
  _referenceCollection:
    _collection:
    - {fileID: 1623620449719972}
  _assetGuid: 3e3f18f354a6d034ca17c1983a67ee5f
--- !u!114 &114521887311004558
MonoBehaviour:
  m_ObjectHideFlags: 1
  m_PrefabParentObject: {fileID: 0}
  m_PrefabInternal: {fileID: 100100000}
  m_GameObject: {fileID: 1623620449719972}
  m_Enabled: 1
  m_EditorHideFlags: 0
  m_Script: {fileID: 11500000, guid: 649ed445b7c4203439adb4bd864b5be1, type: 3}
  m_Name: 
  m_EditorClassIdentifier: 
  hp: 3
  exp: 80
  chestNum: 0
  isChest: 0
  isHeart: 1
  chestPosX: 0
  chestPosY: 0
  chestPosZ: 0
  circlePosX: 0
  circlePosY: 0
  circlePosZ: 0
  xpPosY: 0
  chestPrefab: {fileID: 1109799312951500, guid: 5fd590e5011ad4b43ac5431301690166,
    type: 2}
  circlePrefab: {fileID: 1760318719328936, guid: a09a2b1aa77686f4eabae042ab95ce6f,
    type: 2}
  xpTextPrefab: {fileID: 1290016643557362, guid: c3f17f6781dc1924c8bc7dc29d7a38e3,
    type: 2}
--- !u!114 &114607328569184750
MonoBehaviour:
  m_ObjectHideFlags: 1
  m_PrefabParentObject: {fileID: 0}
  m_PrefabInternal: {fileID: 100100000}
  m_GameObject: {fileID: 1623620449719972}
  m_Enabled: 1
  m_EditorHideFlags: 0
  m_Script: {fileID: 11500000, guid: 8e90aefebb88261478eb41e104a51506, type: 3}
  m_Name: 
  m_EditorClassIdentifier: 
  ojPrefab: {fileID: 1269946002336412, guid: 54659d891ecda3641a4725ce4e9737bf, type: 2}
  scrollPrefab: {fileID: 1186093200857532, guid: f17294abafe4f4a42b6e961bc4bbd675,
    type: 2}
  effectPrefab: {fileID: 1372456078914966, guid: 498fe5d61c4ec2547bae6c06aed73ce8,
    type: 2}
  bonusXpPrefab: {fileID: 1965473064560568, guid: 35256a9428cbb3d45a3898b169fbd842,
    type: 2}
  heartCreate: 30
  scrollCreate: 30
  bonusXp: 100
--- !u!114 &114997940493203012
MonoBehaviour:
  m_ObjectHideFlags: 1
  m_PrefabParentObject: {fileID: 0}
  m_PrefabInternal: {fileID: 100100000}
  m_GameObject: {fileID: 1623620449719972}
  m_Enabled: 1
  m_EditorHideFlags: 0
  m_Script: {fileID: 112998890, guid: 325c5b2a7434372429c2ca9d61dba58e, type: 3}
  m_Name: 
  m_EditorClassIdentifier: 
  _guid: 97ee91d4-9ed9-4eb1-90bb-550b67a2d683
