%YAML 1.1
%TAG !u! tag:unity3d.com,2011:
--- !u!1001 &100100000
Prefab:
  m_ObjectHideFlags: 1
  serializedVersion: 2
  m_Modification:
    m_TransformParent: {fileID: 0}
    m_Modifications: []
    m_RemovedComponents: []
  m_ParentPrefab: {fileID: 0}
  m_RootGameObject: {fileID: 1207358588296590}
  m_IsPrefabParent: 1
--- !u!1 &1207358588296590
GameObject:
  m_ObjectHideFlags: 0
  m_PrefabParentObject: {fileID: 0}
  m_PrefabInternal: {fileID: 100100000}
  serializedVersion: 5
  m_Component:
  - component: {fileID: 4995122952415512}
  - component: {fileID: 212835968972647812}
  - component: {fileID: 136909507499557376}
  - component: {fileID: 114843568589605000}
  - component: {fileID: 114428260437978364}
  - component: {fileID: 114750509400027472}
  m_Layer: 0
  m_Name: Totem2
  m_TagString: NomalBreak
  m_Icon: {fileID: 0}
  m_NavMeshLayer: 0
  m_StaticEditorFlags: 0
  m_IsActive: 1
--- !u!4 &4995122952415512
Transform:
  m_ObjectHideFlags: 1
  m_PrefabParentObject: {fileID: 0}
  m_PrefabInternal: {fileID: 100100000}
  m_GameObject: {fileID: 1207358588296590}
  m_LocalRotation: {x: -0, y: -0, z: -0, w: 1}
  m_LocalPosition: {x: -33.06, y: -3.04, z: -5.79}
  m_LocalScale: {x: 0.56268895, y: 0.8724045, z: 0.8}
  m_Children: []
  m_Father: {fileID: 0}
  m_RootOrder: 0
  m_LocalEulerAnglesHint: {x: 0, y: 0, z: 0}
--- !u!114 &114428260437978364
MonoBehaviour:
  m_ObjectHideFlags: 3
  m_PrefabParentObject: {fileID: 0}
  m_PrefabInternal: {fileID: 100100000}
  m_GameObject: {fileID: 1207358588296590}
  m_Enabled: 1
  m_EditorHideFlags: 0
  m_Script: {fileID: -605777808, guid: 325c5b2a7434372429c2ca9d61dba58e, type: 3}
  m_Name: 
  m_EditorClassIdentifier: 
  _guid: 
  _referenceCollection:
    _collection:
    - {fileID: 1207358588296590}
  _assetGuid: 168cc6f088f3457479a921d05ab28847
--- !u!114 &114750509400027472
MonoBehaviour:
  m_ObjectHideFlags: 3
  m_PrefabParentObject: {fileID: 0}
  m_PrefabInternal: {fileID: 100100000}
  m_GameObject: {fileID: 1207358588296590}
  m_Enabled: 1
  m_EditorHideFlags: 0
  m_Script: {fileID: 112998890, guid: 325c5b2a7434372429c2ca9d61dba58e, type: 3}
  m_Name: 
  m_EditorClassIdentifier: 
  _guid: d975fa25-5b39-4e96-8bd2-034a87abf940
--- !u!114 &114843568589605000
MonoBehaviour:
  m_ObjectHideFlags: 1
  m_PrefabParentObject: {fileID: 0}
  m_PrefabInternal: {fileID: 100100000}
  m_GameObject: {fileID: 1207358588296590}
  m_Enabled: 1
  m_EditorHideFlags: 0
  m_Script: {fileID: 11500000, guid: 649ed445b7c4203439adb4bd864b5be1, type: 3}
  m_Name: 
  m_EditorClassIdentifier: 
  hp: 1
  exp: 100
  chestNum: 4
  isChest: 1
  isHeart: 0
  chestPosX: 0
  chestPosY: -0.5
  chestPosZ: 0
  circlePosX: 0
  circlePosY: -0.5
  circlePosZ: 0
  xpPosY: 0
  chestPrefab: {fileID: 1109799312951500, guid: 5fd590e5011ad4b43ac5431301690166,
    type: 2}
  circlePrefab: {fileID: 1760318719328936, guid: a09a2b1aa77686f4eabae042ab95ce6f,
    type: 2}
  xpTextPrefab: {fileID: 1801016003781656, guid: a6eaf80cd658c524d966562710a68428,
    type: 2}
--- !u!136 &136909507499557376
CapsuleCollider:
  m_ObjectHideFlags: 1
  m_PrefabParentObject: {fileID: 0}
  m_PrefabInternal: {fileID: 100100000}
  m_GameObject: {fileID: 1207358588296590}
  m_Material: {fileID: 0}
  m_IsTrigger: 0
  m_Enabled: 1
  m_Radius: 1.0519719
  m_Height: 3.429602
  m_Direction: 1
  m_Center: {x: -0.13798465, y: -0.000007652093, z: 0}
--- !u!212 &212835968972647812
SpriteRenderer:
  m_ObjectHideFlags: 1
  m_PrefabParentObject: {fileID: 0}
  m_PrefabInternal: {fileID: 100100000}
  m_GameObject: {fileID: 1207358588296590}
  m_Enabled: 1
  m_CastShadows: 0
  m_ReceiveShadows: 0
  m_DynamicOccludee: 1
  m_MotionVectors: 1
  m_LightProbeUsage: 1
  m_ReflectionProbeUsage: 1
  m_Materials:
  - {fileID: 10754, guid: 0000000000000000f000000000000000, type: 0}
  m_StaticBatchInfo:
    firstSubMesh: 0
    subMeshCount: 0
  m_StaticBatchRoot: {fileID: 0}
  m_ProbeAnchor: {fileID: 0}
  m_LightProbeVolumeOverride: {fileID: 0}
  m_ScaleInLightmap: 1
  m_PreserveUVs: 0
  m_IgnoreNormalsForChartDetection: 0
  m_ImportantGI: 0
  m_StitchLightmapSeams: 0
  m_SelectedEditorRenderState: 0
  m_MinimumChartSize: 4
  m_AutoUVMaxDistance: 0.5
  m_AutoUVMaxAngle: 89
  m_LightmapParameters: {fileID: 0}
  m_SortingLayerID: 0
  m_SortingLayer: 0
  m_SortingOrder: 5
  m_Sprite: {fileID: 21300000, guid: 4d01a2f02d7d5be4595a6bea9360b5ef, type: 3}
  m_Color: {r: 1, g: 1, b: 1, a: 1}
  m_FlipX: 0
  m_FlipY: 0
  m_DrawMode: 0
  m_Size: {x: 3.74, y: 3.37}
  m_AdaptiveModeThreshold: 0.5
  m_SpriteTileMode: 0
  m_WasSpriteAssigned: 1
  m_MaskInteraction: 0
