%YAML 1.1
%TAG !u! tag:unity3d.com,2011:
--- !u!29 &1
OcclusionCullingSettings:
  m_ObjectHideFlags: 0
  serializedVersion: 2
  m_OcclusionBakeSettings:
    smallestOccluder: 5
    smallestHole: 0.25
    backfaceThreshold: 100
  m_SceneGUID: 00000000000000000000000000000000
  m_OcclusionCullingData: {fileID: 0}
--- !u!104 &2
RenderSettings:
  m_ObjectHideFlags: 0
  serializedVersion: 8
  m_Fog: 0
  m_FogColor: {r: 0.5, g: 0.5, b: 0.5, a: 1}
  m_FogMode: 3
  m_FogDensity: 0.01
  m_LinearFogStart: 0
  m_LinearFogEnd: 300
  m_AmbientSkyColor: {r: 0.2, g: 0.2, b: 0.2, a: 1}
  m_AmbientEquatorColor: {r: 0.2, g: 0.2, b: 0.2, a: 1}
  m_AmbientGroundColor: {r: 0.2, g: 0.2, b: 0.2, a: 1}
  m_AmbientIntensity: 1
  m_AmbientMode: 3
  m_SubtractiveShadowColor: {r: 0.42, g: 0.478, b: 0.627, a: 1}
  m_SkyboxMaterial: {fileID: 0}
  m_HaloStrength: 0.5
  m_FlareStrength: 1
  m_FlareFadeSpeed: 3
  m_HaloTexture: {fileID: 0}
  m_SpotCookie: {fileID: 10001, guid: 0000000000000000e000000000000000, type: 0}
  m_DefaultReflectionMode: 0
  m_DefaultReflectionResolution: 128
  m_ReflectionBounces: 1
  m_ReflectionIntensity: 1
  m_CustomReflection: {fileID: 0}
  m_Sun: {fileID: 0}
  m_IndirectSpecularColor: {r: 0, g: 0, b: 0, a: 1}
--- !u!157 &4
LightmapSettings:
  m_ObjectHideFlags: 0
  serializedVersion: 11
  m_GIWorkflowMode: 1
  m_GISettings:
    serializedVersion: 2
    m_BounceScale: 1
    m_IndirectOutputScale: 1
    m_AlbedoBoost: 1
    m_TemporalCoherenceThreshold: 1
    m_EnvironmentLightingMode: 0
    m_EnableBakedLightmaps: 1
    m_EnableRealtimeLightmaps: 0
  m_LightmapEditorSettings:
    serializedVersion: 9
    m_Resolution: 1
    m_BakeResolution: 50
    m_TextureWidth: 1024
    m_TextureHeight: 1024
    m_AO: 0
    m_AOMaxDistance: 1
    m_CompAOExponent: 0
    m_CompAOExponentDirect: 0
    m_Padding: 2
    m_LightmapParameters: {fileID: 0}
    m_LightmapsBakeMode: 1
    m_TextureCompression: 0
    m_FinalGather: 0
    m_FinalGatherFiltering: 1
    m_FinalGatherRayCount: 1024
    m_ReflectionCompression: 2
    m_MixedBakeMode: 1
    m_BakeBackend: 0
    m_PVRSampling: 1
    m_PVRDirectSampleCount: 32
    m_PVRSampleCount: 500
    m_PVRBounces: 2
    m_PVRFilterTypeDirect: 0
    m_PVRFilterTypeIndirect: 0
    m_PVRFilterTypeAO: 0
    m_PVRFilteringMode: 0
    m_PVRCulling: 1
    m_PVRFilteringGaussRadiusDirect: 1
    m_PVRFilteringGaussRadiusIndirect: 5
    m_PVRFilteringGaussRadiusAO: 2
    m_PVRFilteringAtrousPositionSigmaDirect: 0.5
    m_PVRFilteringAtrousPositionSigmaIndirect: 2
    m_PVRFilteringAtrousPositionSigmaAO: 1
    m_ShowResolutionOverlay: 1
  m_LightingDataAsset: {fileID: 0}
  m_UseShadowmask: 0
--- !u!196 &5
NavMeshSettings:
  serializedVersion: 2
  m_ObjectHideFlags: 0
  m_BuildSettings:
    serializedVersion: 2
    agentTypeID: 0
    agentRadius: 0.5
    agentHeight: 2
    agentSlope: 45
    agentClimb: 0.4
    ledgeDropHeight: 0
    maxJumpAcrossDistance: 0
    minRegionArea: 2
    manualCellSize: 0
    cellSize: 0.16666666
    manualTileSize: 0
    tileSize: 256
    accuratePlacement: 0
    debug:
      m_Flags: 0
  m_NavMeshData: {fileID: 0}
--- !u!1 &179476978
GameObject:
  m_ObjectHideFlags: 0
  m_PrefabParentObject: {fileID: 100038, guid: 97cd899cd9369b2468f25810d390aed0, type: 3}
  m_PrefabInternal: {fileID: 530056579}
  serializedVersion: 5
  m_Component:
  - component: {fileID: 179476979}
  m_Layer: 0
  m_Name: LeftUptLeg
  m_TagString: Untagged
  m_Icon: {fileID: 0}
  m_NavMeshLayer: 0
  m_StaticEditorFlags: 0
  m_IsActive: 1
--- !u!4 &179476979
Transform:
  m_ObjectHideFlags: 0
  m_PrefabParentObject: {fileID: 400038, guid: 97cd899cd9369b2468f25810d390aed0, type: 3}
  m_PrefabInternal: {fileID: 530056579}
  m_GameObject: {fileID: 179476978}
  m_LocalRotation: {x: 0.03228681, y: 0.99705213, z: 0.009185707, w: -0.06899475}
  m_LocalPosition: {x: 0.00000015258789, y: 0.00000017523764, z: 0.10736133}
  m_LocalScale: {x: 1, y: 1.0000004, z: 1.0000002}
  m_Children:
  - {fileID: 1077334114}
  m_Father: {fileID: 1542444026}
  m_RootOrder: 2
  m_LocalEulerAnglesHint: {x: 0, y: 0, z: 0}
--- !u!1 &180302166
GameObject:
  m_ObjectHideFlags: 0
  m_PrefabParentObject: {fileID: 0}
  m_PrefabInternal: {fileID: 0}
  serializedVersion: 5
  m_Component:
  - component: {fileID: 180302171}
  - component: {fileID: 180302170}
  - component: {fileID: 180302169}
  - component: {fileID: 180302168}
  - component: {fileID: 180302167}
  m_Layer: 0
  m_Name: Main Camera
  m_TagString: MainCamera
  m_Icon: {fileID: 0}
  m_NavMeshLayer: 0
  m_StaticEditorFlags: 0
  m_IsActive: 1
--- !u!81 &180302167
AudioListener:
  m_ObjectHideFlags: 0
  m_PrefabParentObject: {fileID: 0}
  m_PrefabInternal: {fileID: 0}
  m_GameObject: {fileID: 180302166}
  m_Enabled: 1
--- !u!124 &180302168
Behaviour:
  m_ObjectHideFlags: 0
  m_PrefabParentObject: {fileID: 0}
  m_PrefabInternal: {fileID: 0}
  m_GameObject: {fileID: 180302166}
  m_Enabled: 1
--- !u!92 &180302169
Behaviour:
  m_ObjectHideFlags: 0
  m_PrefabParentObject: {fileID: 0}
  m_PrefabInternal: {fileID: 0}
  m_GameObject: {fileID: 180302166}
  m_Enabled: 1
--- !u!20 &180302170
Camera:
  m_ObjectHideFlags: 0
  m_PrefabParentObject: {fileID: 0}
  m_PrefabInternal: {fileID: 0}
  m_GameObject: {fileID: 180302166}
  m_Enabled: 1
  serializedVersion: 2
  m_ClearFlags: 1
  m_BackGroundColor: {r: 0.19215687, g: 0.3019608, b: 0.4745098, a: 0.019607844}
  m_NormalizedViewPortRect:
    serializedVersion: 2
    x: 0
    y: 0
    width: 1
    height: 1
  near clip plane: 1
  far clip plane: 60
  field of view: 35.8
  orthographic: 0
  orthographic size: 5
  m_Depth: -1
  m_CullingMask:
    serializedVersion: 2
    m_Bits: 4294967295
  m_RenderingPath: -1
  m_TargetTexture: {fileID: 0}
  m_TargetDisplay: 0
  m_TargetEye: 3
  m_HDR: 0
  m_AllowMSAA: 1
  m_AllowDynamicResolution: 0
  m_ForceIntoRT: 0
  m_OcclusionCulling: 1
  m_StereoConvergence: 10
  m_StereoSeparation: 0.022
--- !u!4 &180302171
Transform:
  m_ObjectHideFlags: 0
  m_PrefabParentObject: {fileID: 0}
  m_PrefabInternal: {fileID: 0}
  m_GameObject: {fileID: 180302166}
  m_LocalRotation: {x: -0.051051177, y: 0.9561041, z: -0.18746294, w: -0.21935473}
  m_LocalPosition: {x: 1.086, y: 1.861, z: 2.245}
  m_LocalScale: {x: 1, y: 1, z: 1}
  m_Children: []
  m_Father: {fileID: 0}
  m_RootOrder: 0
  m_LocalEulerAnglesHint: {x: 0, y: 0, z: 0}
--- !u!1 &351312105
GameObject:
  m_ObjectHideFlags: 0
  m_PrefabParentObject: {fileID: 100060, guid: 97cd899cd9369b2468f25810d390aed0, type: 3}
  m_PrefabInternal: {fileID: 530056579}
  serializedVersion: 5
  m_Component:
  - component: {fileID: 351312106}
  - component: {fileID: 351312107}
  m_Layer: 0
  m_Name: RightRibbon1
  m_TagString: Untagged
  m_Icon: {fileID: 0}
  m_NavMeshLayer: 0
  m_StaticEditorFlags: 0
  m_IsActive: 1
--- !u!4 &351312106
Transform:
  m_ObjectHideFlags: 0
  m_PrefabParentObject: {fileID: 400060, guid: 97cd899cd9369b2468f25810d390aed0, type: 3}
  m_PrefabInternal: {fileID: 530056579}
  m_GameObject: {fileID: 351312105}
  m_LocalRotation: {x: 0.6853423, y: 0.6833089, z: 0.25106603, w: 0.018994221}
  m_LocalPosition: {x: -0.2759661, y: 0.05331232, z: -0.09281739}
  m_LocalScale: {x: 0.9999998, y: 1.0000002, z: 0.9999999}
  m_Children:
  - {fileID: 644493322}
  m_Father: {fileID: 1147909959}
  m_RootOrder: 5
  m_LocalEulerAnglesHint: {x: 0, y: 0, z: 0}
--- !u!114 &351312107
MonoBehaviour:
  m_ObjectHideFlags: 0
  m_PrefabParentObject: {fileID: 0}
  m_PrefabInternal: {fileID: 0}
  m_GameObject: {fileID: 351312105}
  m_Enabled: 1
  m_EditorHideFlags: 0
  m_Script: {fileID: 11500000, guid: 37b7c58dc2d739b4c90fe59f6875debf, type: 3}
  m_Name: 
  m_EditorClassIdentifier: 
  child: {fileID: 644493322}
  boneAxis: {x: -1, y: 0, z: 0}
  radius: 0.05
  isUseEachBoneForceSettings: 1
  stiffnessForce: 0.01
  dragForce: 0.3
  springForce: {x: 0, y: -0.0001, z: 0}
  colliders: []
  debug: 1
  threshold: 0.01
--- !u!1 &482746595
GameObject:
  m_ObjectHideFlags: 0
  m_PrefabParentObject: {fileID: 100000, guid: 97cd899cd9369b2468f25810d390aed0, type: 3}
  m_PrefabInternal: {fileID: 530056579}
  serializedVersion: 5
  m_Component:
  - component: {fileID: 482746596}
  m_Layer: 0
  m_Name: GeoRoot
  m_TagString: Untagged
  m_Icon: {fileID: 0}
  m_NavMeshLayer: 0
  m_StaticEditorFlags: 0
  m_IsActive: 1
--- !u!4 &482746596
Transform:
  m_ObjectHideFlags: 0
  m_PrefabParentObject: {fileID: 400000, guid: 97cd899cd9369b2468f25810d390aed0, type: 3}
  m_PrefabInternal: {fileID: 530056579}
  m_GameObject: {fileID: 482746595}
  m_LocalRotation: {x: -0.7071068, y: 0, z: -0, w: 0.7071068}
  m_LocalPosition: {x: -0, y: 0, z: 0}
  m_LocalScale: {x: 1, y: 1, z: 1}
  m_Children:
  - {fileID: 1166851200}
  m_Father: {fileID: 1482950883}
  m_RootOrder: 0
  m_LocalEulerAnglesHint: {x: 0, y: 0, z: 0}
--- !u!1 &511044910
GameObject:
  m_ObjectHideFlags: 0
  m_PrefabParentObject: {fileID: 100076, guid: 97cd899cd9369b2468f25810d390aed0, type: 3}
  m_PrefabInternal: {fileID: 530056579}
  serializedVersion: 5
  m_Component:
  - component: {fileID: 1675687269}
  m_Layer: 0
  m_Name: RightTale4
  m_TagString: Untagged
  m_Icon: {fileID: 0}
  m_NavMeshLayer: 0
  m_StaticEditorFlags: 0
  m_IsActive: 1
--- !u!1001 &530056579
Prefab:
  m_ObjectHideFlags: 0
  serializedVersion: 2
  m_Modification:
    m_TransformParent: {fileID: 0}
    m_Modifications:
    - target: {fileID: 400042, guid: 97cd899cd9369b2468f25810d390aed0, type: 3}
      propertyPath: m_LocalPosition.x
      value: 0
      objectReference: {fileID: 0}
    - target: {fileID: 400042, guid: 97cd899cd9369b2468f25810d390aed0, type: 3}
      propertyPath: m_LocalPosition.y
      value: 0
      objectReference: {fileID: 0}
    - target: {fileID: 400042, guid: 97cd899cd9369b2468f25810d390aed0, type: 3}
      propertyPath: m_LocalPosition.z
      value: 0
      objectReference: {fileID: 0}
    - target: {fileID: 400042, guid: 97cd899cd9369b2468f25810d390aed0, type: 3}
      propertyPath: m_LocalRotation.x
      value: 0
      objectReference: {fileID: 0}
    - target: {fileID: 400042, guid: 97cd899cd9369b2468f25810d390aed0, type: 3}
      propertyPath: m_LocalRotation.y
      value: 0
      objectReference: {fileID: 0}
    - target: {fileID: 400042, guid: 97cd899cd9369b2468f25810d390aed0, type: 3}
      propertyPath: m_LocalRotation.z
      value: 0
      objectReference: {fileID: 0}
    - target: {fileID: 400042, guid: 97cd899cd9369b2468f25810d390aed0, type: 3}
      propertyPath: m_LocalRotation.w
      value: 1
      objectReference: {fileID: 0}
    - target: {fileID: 400042, guid: 97cd899cd9369b2468f25810d390aed0, type: 3}
      propertyPath: m_RootOrder
      value: 2
      objectReference: {fileID: 0}
    - target: {fileID: 13700000, guid: 97cd899cd9369b2468f25810d390aed0, type: 3}
      propertyPath: m_Materials.Array.data[0]
      value: 
      objectReference: {fileID: 2100000, guid: 0e6fe962f7cee4ffea0666e217efeb3a, type: 2}
    - target: {fileID: 9500000, guid: 97cd899cd9369b2468f25810d390aed0, type: 3}
      propertyPath: m_Controller
      value: 
      objectReference: {fileID: 0}
    - target: {fileID: 9500000, guid: 97cd899cd9369b2468f25810d390aed0, type: 3}
      propertyPath: m_ApplyRootMotion
      value: 0
      objectReference: {fileID: 0}
    m_RemovedComponents: []
  m_ParentPrefab: {fileID: 100100000, guid: 97cd899cd9369b2468f25810d390aed0, type: 3}
  m_RootGameObject: {fileID: 1482950881}
  m_IsPrefabParent: 0
--- !u!4 &559969932
Transform:
  m_ObjectHideFlags: 0
  m_PrefabParentObject: {fileID: 400036, guid: 97cd899cd9369b2468f25810d390aed0, type: 3}
  m_PrefabInternal: {fileID: 530056579}
  m_GameObject: {fileID: 1571356779}
  m_LocalRotation: {x: -0.050880875, y: 0.70578486, z: 0.006980679, w: 0.7065622}
  m_LocalPosition: {x: -0.18327014, y: 0.000000057220458, z: -0.0000006866455}
  m_LocalScale: {x: 0.9999991, y: 1.0000006, z: 0.9999997}
  m_Children: []
  m_Father: {fileID: 1459482839}
  m_RootOrder: 0
  m_LocalEulerAnglesHint: {x: 0, y: 0, z: 0}
--- !u!1 &583164753
GameObject:
  m_ObjectHideFlags: 0
  m_PrefabParentObject: {fileID: 100062, guid: 97cd899cd9369b2468f25810d390aed0, type: 3}
  m_PrefabInternal: {fileID: 530056579}
  serializedVersion: 5
  m_Component:
  - component: {fileID: 644493322}
  m_Layer: 0
  m_Name: RightRibbon2
  m_TagString: Untagged
  m_Icon: {fileID: 0}
  m_NavMeshLayer: 0
  m_StaticEditorFlags: 0
  m_IsActive: 1
--- !u!4 &644493322
Transform:
  m_ObjectHideFlags: 0
  m_PrefabParentObject: {fileID: 400062, guid: 97cd899cd9369b2468f25810d390aed0, type: 3}
  m_PrefabInternal: {fileID: 530056579}
  m_GameObject: {fileID: 583164753}
  m_LocalRotation: {x: -0.1784592, y: 0.070974134, z: 0.7008617, w: 0.6869555}
  m_LocalPosition: {x: -0.1561331, y: -0.00000015258789, z: -0.0000002670288}
  m_LocalScale: {x: 1.0000006, y: 1.0000004, z: 0.99999994}
  m_Children: []
  m_Father: {fileID: 351312106}
  m_RootOrder: 0
  m_LocalEulerAnglesHint: {x: 0, y: 0, z: 0}
--- !u!1 &699711252
GameObject:
  m_ObjectHideFlags: 0
  m_PrefabParentObject: {fileID: 100022, guid: 97cd899cd9369b2468f25810d390aed0, type: 3}
  m_PrefabInternal: {fileID: 530056579}
  serializedVersion: 5
  m_Component:
  - component: {fileID: 1135278429}
  m_Layer: 0
  m_Name: LeftRibbon2
  m_TagString: Untagged
  m_Icon: {fileID: 0}
  m_NavMeshLayer: 0
  m_StaticEditorFlags: 0
  m_IsActive: 1
--- !u!1 &724453306
GameObject:
  m_ObjectHideFlags: 0
  m_PrefabParentObject: {fileID: 100028, guid: 97cd899cd9369b2468f25810d390aed0, type: 3}
  m_PrefabInternal: {fileID: 530056579}
  serializedVersion: 5
  m_Component:
  - component: {fileID: 724453307}
  m_Layer: 0
  m_Name: LeftSusoFront
  m_TagString: Untagged
  m_Icon: {fileID: 0}
  m_NavMeshLayer: 0
  m_StaticEditorFlags: 0
  m_IsActive: 1
--- !u!4 &724453307
Transform:
  m_ObjectHideFlags: 0
  m_PrefabParentObject: {fileID: 400028, guid: 97cd899cd9369b2468f25810d390aed0, type: 3}
  m_PrefabInternal: {fileID: 530056579}
  m_GameObject: {fileID: 724453306}
  m_LocalRotation: {x: 0.60415643, y: -0.09459686, z: 0.7223698, w: -0.32284406}
  m_LocalPosition: {x: -0.089346424, y: 0.07710991, z: 0.09567279}
  m_LocalScale: {x: -1, y: -1.0000001, z: -1.0000001}
  m_Children: []
  m_Father: {fileID: 1542444026}
  m_RootOrder: 1
  m_LocalEulerAnglesHint: {x: 0, y: 0, z: 0}
--- !u!1 &757902309
GameObject:
  m_ObjectHideFlags: 0
  m_PrefabParentObject: {fileID: 100026, guid: 97cd899cd9369b2468f25810d390aed0, type: 3}
  m_PrefabInternal: {fileID: 530056579}
  serializedVersion: 5
  m_Component:
  - component: {fileID: 757902310}
  m_Layer: 0
  m_Name: LeftSusoBack
  m_TagString: Untagged
  m_Icon: {fileID: 0}
  m_NavMeshLayer: 0
  m_StaticEditorFlags: 0
  m_IsActive: 1
--- !u!4 &757902310
Transform:
  m_ObjectHideFlags: 0
  m_PrefabParentObject: {fileID: 400026, guid: 97cd899cd9369b2468f25810d390aed0, type: 3}
  m_PrefabInternal: {fileID: 530056579}
  m_GameObject: {fileID: 757902309}
  m_LocalRotation: {x: -0.019557543, y: 0.6405338, z: -0.13691396, w: 0.7553732}
  m_LocalPosition: {x: -0.103113055, y: -0.109199874, z: 0.07957833}
  m_LocalScale: {x: -1.0000001, y: -1.0000001, z: -1.0000002}
  m_Children: []
  m_Father: {fileID: 1542444026}
  m_RootOrder: 0
  m_LocalEulerAnglesHint: {x: 0, y: 0, z: 0}
--- !u!1 &780566020
GameObject:
  m_ObjectHideFlags: 0
  m_PrefabParentObject: {fileID: 100024, guid: 97cd899cd9369b2468f25810d390aed0, type: 3}
  m_PrefabInternal: {fileID: 530056579}
  serializedVersion: 5
  m_Component:
  - component: {fileID: 780566021}
  m_Layer: 0
  m_Name: LeftShoulder
  m_TagString: Untagged
  m_Icon: {fileID: 0}
  m_NavMeshLayer: 0
  m_StaticEditorFlags: 0
  m_IsActive: 1
--- !u!4 &780566021
Transform:
  m_ObjectHideFlags: 0
  m_PrefabParentObject: {fileID: 400024, guid: 97cd899cd9369b2468f25810d390aed0, type: 3}
  m_PrefabInternal: {fileID: 530056579}
  m_GameObject: {fileID: 780566020}
  m_LocalRotation: {x: -0.6250843, y: -0.03693006, z: 0.7791392, w: 0.029119339}
  m_LocalPosition: {x: -0.10608566, y: -0.0019091605, z: 0.029466536}
  m_LocalScale: {x: 0.9999997, y: 0.9999997, z: 0.99999994}
  m_Children:
  - {fileID: 1820625518}
  m_Father: {fileID: 2031467850}
  m_RootOrder: 0
  m_LocalEulerAnglesHint: {x: 0, y: 0, z: 0}
--- !u!1 &833630976
GameObject:
  m_ObjectHideFlags: 0
  m_PrefabParentObject: {fileID: 100078, guid: 97cd899cd9369b2468f25810d390aed0, type: 3}
  m_PrefabInternal: {fileID: 530056579}
  serializedVersion: 5
  m_Component:
  - component: {fileID: 833630977}
  m_Layer: 0
  m_Name: RightUpLeg
  m_TagString: Untagged
  m_Icon: {fileID: 0}
  m_NavMeshLayer: 0
  m_StaticEditorFlags: 0
  m_IsActive: 1
--- !u!4 &833630977
Transform:
  m_ObjectHideFlags: 0
  m_PrefabParentObject: {fileID: 400078, guid: 97cd899cd9369b2468f25810d390aed0, type: 3}
  m_PrefabInternal: {fileID: 530056579}
  m_GameObject: {fileID: 833630976}
  m_LocalRotation: {x: 0.03228457, y: 0.99705225, z: -0.009187272, w: 0.06899341}
  m_LocalPosition: {x: -0.00000015258789, y: -0.00000012040138, z: -0.107361354}
  m_LocalScale: {x: 1, y: 0.9999996, z: 0.9999997}
  m_Children:
  - {fileID: 1053255895}
  m_Father: {fileID: 1542444026}
  m_RootOrder: 5
  m_LocalEulerAnglesHint: {x: 0, y: 0, z: 0}
--- !u!1 &879454242
GameObject:
  m_ObjectHideFlags: 0
  m_PrefabParentObject: {fileID: 100048, guid: 97cd899cd9369b2468f25810d390aed0, type: 3}
  m_PrefabInternal: {fileID: 530056579}
  serializedVersion: 5
  m_Component:
  - component: {fileID: 879454243}
  m_Layer: 0
  m_Name: RightArm
  m_TagString: Untagged
  m_Icon: {fileID: 0}
  m_NavMeshLayer: 0
  m_StaticEditorFlags: 0
  m_IsActive: 1
--- !u!4 &879454243
Transform:
  m_ObjectHideFlags: 0
  m_PrefabParentObject: {fileID: 400048, guid: 97cd899cd9369b2468f25810d390aed0, type: 3}
  m_PrefabInternal: {fileID: 530056579}
  m_GameObject: {fileID: 879454242}
  m_LocalRotation: {x: -0.18637764, y: 0.28389335, z: -0.0046282834, w: 0.9405565}
  m_LocalPosition: {x: -0.086452276, y: 0.000000038146972, z: 0}
  m_LocalScale: {x: 1.0000001, y: 1, z: 1}
  m_Children:
  - {fileID: 1653553079}
  m_Father: {fileID: 1714344459}
  m_RootOrder: 0
  m_LocalEulerAnglesHint: {x: 0, y: 0, z: 0}
--- !u!1 &1007372305
GameObject:
  m_ObjectHideFlags: 0
  m_PrefabParentObject: {fileID: 100010, guid: 97cd899cd9369b2468f25810d390aed0, type: 3}
  m_PrefabInternal: {fileID: 530056579}
  serializedVersion: 5
  m_Component:
  - component: {fileID: 1007372306}
  m_Layer: 0
  m_Name: LeftEye
  m_TagString: Untagged
  m_Icon: {fileID: 0}
  m_NavMeshLayer: 0
  m_StaticEditorFlags: 0
  m_IsActive: 1
--- !u!4 &1007372306
Transform:
  m_ObjectHideFlags: 0
  m_PrefabParentObject: {fileID: 400010, guid: 97cd899cd9369b2468f25810d390aed0, type: 3}
  m_PrefabInternal: {fileID: 530056579}
  m_GameObject: {fileID: 1007372305}
  m_LocalRotation: {x: 0.7133591, y: -0.7007987, z: -0.00000047085769, w: -0.00000045876925}
  m_LocalPosition: {x: -0.08330047, y: -0.017302971, z: 0.058170054}
  m_LocalScale: {x: 0.9999996, y: 0.99999964, z: 0.9999997}
  m_Children: []
  m_Father: {fileID: 1147909959}
  m_RootOrder: 1
  m_LocalEulerAnglesHint: {x: 0, y: 0, z: 0}
--- !u!1 &1053255894
GameObject:
  m_ObjectHideFlags: 0
  m_PrefabParentObject: {fileID: 100058, guid: 97cd899cd9369b2468f25810d390aed0, type: 3}
  m_PrefabInternal: {fileID: 530056579}
  serializedVersion: 5
  m_Component:
  - component: {fileID: 1053255895}
  m_Layer: 0
  m_Name: RightLeg
  m_TagString: Untagged
  m_Icon: {fileID: 0}
  m_NavMeshLayer: 0
  m_StaticEditorFlags: 0
  m_IsActive: 1
--- !u!4 &1053255895
Transform:
  m_ObjectHideFlags: 0
  m_PrefabParentObject: {fileID: 400058, guid: 97cd899cd9369b2468f25810d390aed0, type: 3}
  m_PrefabInternal: {fileID: 530056579}
  m_GameObject: {fileID: 1053255894}
  m_LocalRotation: {x: -6.692936e-10, y: 0.00000003725853, z: 0.04294315, w: 0.99907756}
  m_LocalPosition: {x: -0.2767024, y: -0.0000000047683715, z: 0.000000019073486}
  m_LocalScale: {x: 1.0000001, y: 1.0000004, z: 1.0000004}
  m_Children:
  - {fileID: 1785491240}
  m_Father: {fileID: 833630977}
  m_RootOrder: 0
  m_LocalEulerAnglesHint: {x: 0, y: 0, z: 0}
--- !u!1 &1077334113
GameObject:
  m_ObjectHideFlags: 0
  m_PrefabParentObject: {fileID: 100018, guid: 97cd899cd9369b2468f25810d390aed0, type: 3}
  m_PrefabInternal: {fileID: 530056579}
  serializedVersion: 5
  m_Component:
  - component: {fileID: 1077334114}
  m_Layer: 0
  m_Name: LeftLeg
  m_TagString: Untagged
  m_Icon: {fileID: 0}
  m_NavMeshLayer: 0
  m_StaticEditorFlags: 0
  m_IsActive: 1
--- !u!4 &1077334114
Transform:
  m_ObjectHideFlags: 0
  m_PrefabParentObject: {fileID: 400018, guid: 97cd899cd9369b2468f25810d390aed0, type: 3}
  m_PrefabInternal: {fileID: 530056579}
  m_GameObject: {fileID: 1077334113}
  m_LocalRotation: {x: 0.000000023637172, y: 0.00000018745243, z: 0.042942073, w: 0.99907756}
  m_LocalPosition: {x: -0.27670237, y: -0.0000000047683715, z: 0.00000012874602}
  m_LocalScale: {x: 1.0000002, y: 1.0000001, z: 1.0000004}
  m_Children:
  - {fileID: 1882117464}
  m_Father: {fileID: 179476979}
  m_RootOrder: 0
  m_LocalEulerAnglesHint: {x: 0, y: 0, z: 0}
--- !u!1 &1111860976
GameObject:
  m_ObjectHideFlags: 0
  m_PrefabParentObject: {fileID: 100070, guid: 97cd899cd9369b2468f25810d390aed0, type: 3}
  m_PrefabInternal: {fileID: 530056579}
  serializedVersion: 5
  m_Component:
  - component: {fileID: 1111860977}
  - component: {fileID: 1111860978}
  m_Layer: 0
  m_Name: RightTale1
  m_TagString: Untagged
  m_Icon: {fileID: 0}
  m_NavMeshLayer: 0
  m_StaticEditorFlags: 0
  m_IsActive: 1
--- !u!4 &1111860977
Transform:
  m_ObjectHideFlags: 0
  m_PrefabParentObject: {fileID: 400070, guid: 97cd899cd9369b2468f25810d390aed0, type: 3}
  m_PrefabInternal: {fileID: 530056579}
  m_GameObject: {fileID: 1111860976}
  m_LocalRotation: {x: 0.14050344, y: 0.07377464, z: 0.98679274, w: 0.032498714}
  m_LocalPosition: {x: 0.030754928, y: -0.09676792, z: -0.101295315}
  m_LocalScale: {x: 1.0000019, y: 1.0000006, z: 0.9999998}
  m_Children:
  - {fileID: 1629974036}
  m_Father: {fileID: 1147909959}
  m_RootOrder: 6
  m_LocalEulerAnglesHint: {x: 0, y: 0, z: 0}
--- !u!114 &1111860978
MonoBehaviour:
  m_ObjectHideFlags: 0
  m_PrefabParentObject: {fileID: 0}
  m_PrefabInternal: {fileID: 0}
  m_GameObject: {fileID: 1111860976}
  m_Enabled: 1
  m_EditorHideFlags: 0
  m_Script: {fileID: 11500000, guid: 37b7c58dc2d739b4c90fe59f6875debf, type: 3}
  m_Name: 
  m_EditorClassIdentifier: 
  child: {fileID: 1629974036}
  boneAxis: {x: -1, y: 0, z: 0}
  radius: 0.05
  isUseEachBoneForceSettings: 1
  stiffnessForce: 0.01
  dragForce: 0.1
  springForce: {x: 0, y: -0.0001, z: 0}
  colliders:
  - {fileID: 1653553080}
  debug: 1
  threshold: 0.01
--- !u!4 &1135278429
Transform:
  m_ObjectHideFlags: 0
  m_PrefabParentObject: {fileID: 400022, guid: 97cd899cd9369b2468f25810d390aed0, type: 3}
  m_PrefabInternal: {fileID: 530056579}
  m_GameObject: {fileID: 699711252}
  m_LocalRotation: {x: -0.51568407, y: 0.5872867, z: -0.3985562, w: -0.47991374}
  m_LocalPosition: {x: -0.1561328, y: -0.000000076293944, z: 0.00000015258789}
  m_LocalScale: {x: 0.99999994, y: 1.0000001, z: 1}
  m_Children: []
  m_Father: {fileID: 2062080704}
  m_RootOrder: 0
  m_LocalEulerAnglesHint: {x: 0, y: 0, z: 0}
--- !u!1 &1147909958
GameObject:
  m_ObjectHideFlags: 0
  m_PrefabParentObject: {fileID: 100002, guid: 97cd899cd9369b2468f25810d390aed0, type: 3}
  m_PrefabInternal: {fileID: 530056579}
  serializedVersion: 5
  m_Component:
  - component: {fileID: 1147909959}
  m_Layer: 0
  m_Name: Head
  m_TagString: Untagged
  m_Icon: {fileID: 0}
  m_NavMeshLayer: 0
  m_StaticEditorFlags: 0
  m_IsActive: 1
--- !u!4 &1147909959
Transform:
  m_ObjectHideFlags: 0
  m_PrefabParentObject: {fileID: 400002, guid: 97cd899cd9369b2468f25810d390aed0, type: 3}
  m_PrefabInternal: {fileID: 530056579}
  m_GameObject: {fileID: 1147909958}
  m_LocalRotation: {x: -0.000000022819613, y: 0.00000028256622, z: -0.12899998, w: 0.9916446}
  m_LocalPosition: {x: -0.06150055, y: 0, z: 0.000000025659974}
  m_LocalScale: {x: 1.0000001, y: 1.0000004, z: 1.0000002}
  m_Children:
  - {fileID: 1955887648}
  - {fileID: 1007372306}
  - {fileID: 2062080704}
  - {fileID: 1641811907}
  - {fileID: 1300702548}
  - {fileID: 351312106}
  - {fileID: 1111860977}
  m_Father: {fileID: 1219230913}
  m_RootOrder: 0
  m_LocalEulerAnglesHint: {x: 0, y: 0, z: 0}
--- !u!1 &1166851199
GameObject:
  m_ObjectHideFlags: 0
  m_PrefabParentObject: {fileID: 100044, guid: 97cd899cd9369b2468f25810d390aed0, type: 3}
  m_PrefabInternal: {fileID: 530056579}
  serializedVersion: 5
  m_Component:
  - component: {fileID: 1166851200}
  - component: {fileID: 1166851201}
  m_Layer: 0
  m_Name: PC01_Kohaku
  m_TagString: Untagged
  m_Icon: {fileID: 0}
  m_NavMeshLayer: 0
  m_StaticEditorFlags: 0
  m_IsActive: 1
--- !u!4 &1166851200
Transform:
  m_ObjectHideFlags: 0
  m_PrefabParentObject: {fileID: 400044, guid: 97cd899cd9369b2468f25810d390aed0, type: 3}
  m_PrefabInternal: {fileID: 530056579}
  m_GameObject: {fileID: 1166851199}
  m_LocalRotation: {x: 0, y: -0, z: -0, w: 1}
  m_LocalPosition: {x: -0, y: 0, z: 0}
  m_LocalScale: {x: 1, y: 1, z: 1}
  m_Children: []
  m_Father: {fileID: 482746596}
  m_RootOrder: 0
  m_LocalEulerAnglesHint: {x: 0, y: 0, z: 0}
--- !u!137 &1166851201
SkinnedMeshRenderer:
  m_ObjectHideFlags: 0
  m_PrefabParentObject: {fileID: 13700000, guid: 97cd899cd9369b2468f25810d390aed0,
    type: 3}
  m_PrefabInternal: {fileID: 530056579}
  m_GameObject: {fileID: 1166851199}
  m_Enabled: 1
  m_CastShadows: 1
  m_ReceiveShadows: 1
  m_DynamicOccludee: 1
  m_MotionVectors: 1
  m_LightProbeUsage: 1
  m_ReflectionProbeUsage: 1
  m_Materials:
  - {fileID: 2100000, guid: 0e6fe962f7cee4ffea0666e217efeb3a, type: 2}
  m_StaticBatchInfo:
    firstSubMesh: 0
    subMeshCount: 0
  m_StaticBatchRoot: {fileID: 0}
  m_ProbeAnchor: {fileID: 0}
  m_LightProbeVolumeOverride: {fileID: 0}
  m_ScaleInLightmap: 1
  m_PreserveUVs: 0
  m_IgnoreNormalsForChartDetection: 0
  m_ImportantGI: 0
  m_StitchLightmapSeams: 0
  m_SelectedEditorRenderState: 3
  m_MinimumChartSize: 4
  m_AutoUVMaxDistance: 0.5
  m_AutoUVMaxAngle: 89
  m_LightmapParameters: {fileID: 0}
  m_SortingLayerID: 0
  m_SortingLayer: 0
  m_SortingOrder: 0
  serializedVersion: 2
  m_Quality: 0
  m_UpdateWhenOffscreen: 0
  m_SkinnedMotionVectors: 1
  m_Mesh: {fileID: 4300000, guid: 97cd899cd9369b2468f25810d390aed0, type: 3}
  m_Bones:
  - {fileID: 1996966302}
  - {fileID: 1616770219}
  - {fileID: 1542444026}
  - {fileID: 2031467850}
  - {fileID: 1147909959}
  - {fileID: 1219230913}
  - {fileID: 780566021}
  - {fileID: 1820625518}
  - {fileID: 1641811907}
  - {fileID: 1714344459}
  - {fileID: 1955887648}
  - {fileID: 724453307}
  - {fileID: 757902310}
  - {fileID: 879454243}
  - {fileID: 1111860977}
  - {fileID: 2092355339}
  - {fileID: 1974113005}
  - {fileID: 1882117464}
  - {fileID: 179476979}
  - {fileID: 1077334114}
  - {fileID: 1785491240}
  - {fileID: 833630977}
  - {fileID: 1053255895}
  - {fileID: 1007372306}
  - {fileID: 1300702548}
  - {fileID: 2062080704}
  - {fileID: 1135278429}
  - {fileID: 351312106}
  - {fileID: 644493322}
  - {fileID: 1180306737}
  - {fileID: 1459482839}
  - {fileID: 1629974036}
  - {fileID: 2026458154}
  - {fileID: 559969932}
  - {fileID: 1675687269}
  - {fileID: 1495666428}
  - {fileID: 1653553079}
  - {fileID: 1575859272}
  - {fileID: 1308503720}
  m_BlendShapeWeights: []
  m_RootBone: {fileID: 1542444026}
  m_AABB:
    m_Center: {x: -0.15941715, y: -0.15775673, z: 0.00000059604645}
    m_Extent: {x: 0.7921903, y: 0.35066253, z: 0.5049525}
  m_DirtyAABB: 0
--- !u!1 &1180306736
GameObject:
  m_ObjectHideFlags: 0
  m_PrefabParentObject: {fileID: 100032, guid: 97cd899cd9369b2468f25810d390aed0, type: 3}
  m_PrefabInternal: {fileID: 530056579}
  serializedVersion: 5
  m_Component:
  - component: {fileID: 1180306737}
  - component: {fileID: 1180306738}
  m_Layer: 0
  m_Name: LeftTale2
  m_TagString: Untagged
  m_Icon: {fileID: 0}
  m_NavMeshLayer: 0
  m_StaticEditorFlags: 0
  m_IsActive: 1
--- !u!4 &1180306737
Transform:
  m_ObjectHideFlags: 0
  m_PrefabParentObject: {fileID: 400032, guid: 97cd899cd9369b2468f25810d390aed0, type: 3}
  m_PrefabInternal: {fileID: 530056579}
  m_GameObject: {fileID: 1180306736}
  m_LocalRotation: {x: 0.059801523, y: -0.017068824, z: 0.059267104, w: 0.99630314}
  m_LocalPosition: {x: -0.3879686, y: 0.00000034332274, z: -0.0000012207031}
  m_LocalScale: {x: 1.0000004, y: 1.0000004, z: 0.9999996}
  m_Children:
  - {fileID: 1459482839}
  m_Father: {fileID: 1641811907}
  m_RootOrder: 0
  m_LocalEulerAnglesHint: {x: 0, y: 0, z: 0}
--- !u!114 &1180306738
MonoBehaviour:
  m_ObjectHideFlags: 0
  m_PrefabParentObject: {fileID: 0}
  m_PrefabInternal: {fileID: 0}
  m_GameObject: {fileID: 1180306736}
  m_Enabled: 1
  m_EditorHideFlags: 0
  m_Script: {fileID: 11500000, guid: 37b7c58dc2d739b4c90fe59f6875debf, type: 3}
  m_Name: 
  m_EditorClassIdentifier: 
  child: {fileID: 1459482839}
  boneAxis: {x: -1, y: 0, z: 0}
  radius: 0.05
  isUseEachBoneForceSettings: 1
  stiffnessForce: 0.01
  dragForce: 0.1
  springForce: {x: 0, y: -0.0001, z: 0}
  colliders:
  - {fileID: 1495666429}
  debug: 1
  threshold: 0.01
--- !u!1 &1219230912
GameObject:
  m_ObjectHideFlags: 0
  m_PrefabParentObject: {fileID: 100040, guid: 97cd899cd9369b2468f25810d390aed0, type: 3}
  m_PrefabInternal: {fileID: 530056579}
  serializedVersion: 5
  m_Component:
  - component: {fileID: 1219230913}
  m_Layer: 0
  m_Name: Neck
  m_TagString: Untagged
  m_Icon: {fileID: 0}
  m_NavMeshLayer: 0
  m_StaticEditorFlags: 0
  m_IsActive: 1
--- !u!4 &1219230913
Transform:
  m_ObjectHideFlags: 0
  m_PrefabParentObject: {fileID: 400040, guid: 97cd899cd9369b2468f25810d390aed0, type: 3}
  m_PrefabInternal: {fileID: 530056579}
  m_GameObject: {fileID: 1219230912}
  m_LocalRotation: {x: 0.000000020075522, y: 0.000000270402, z: -0.1024611, w: 0.994737}
  m_LocalPosition: {x: -0.15268081, y: -0.0031092262, z: 0.00000001896995}
  m_LocalScale: {x: 0.9999998, y: 0.9999999, z: 0.99999976}
  m_Children:
  - {fileID: 1147909959}
  m_Father: {fileID: 2031467850}
  m_RootOrder: 1
  m_LocalEulerAnglesHint: {x: 0, y: 0, z: 0}
--- !u!1 &1300702547
GameObject:
  m_ObjectHideFlags: 0
  m_PrefabParentObject: {fileID: 100050, guid: 97cd899cd9369b2468f25810d390aed0, type: 3}
  m_PrefabInternal: {fileID: 530056579}
  serializedVersion: 5
  m_Component:
  - component: {fileID: 1300702548}
  m_Layer: 0
  m_Name: RightEye
  m_TagString: Untagged
  m_Icon: {fileID: 0}
  m_NavMeshLayer: 0
  m_StaticEditorFlags: 0
  m_IsActive: 1
--- !u!4 &1300702548
Transform:
  m_ObjectHideFlags: 0
  m_PrefabParentObject: {fileID: 400050, guid: 97cd899cd9369b2468f25810d390aed0, type: 3}
  m_PrefabInternal: {fileID: 530056579}
  m_GameObject: {fileID: 1300702547}
  m_LocalRotation: {x: 0.7133591, y: -0.7007987, z: -0.00000047085769, w: -0.00000045876925}
  m_LocalPosition: {x: -0.08330063, y: -0.01730278, z: -0.058174852}
  m_LocalScale: {x: 0.9999996, y: 0.99999964, z: 0.9999997}
  m_Children: []
  m_Father: {fileID: 1147909959}
  m_RootOrder: 4
  m_LocalEulerAnglesHint: {x: 0, y: 0, z: 0}
--- !u!1 &1308503719
GameObject:
  m_ObjectHideFlags: 0
  m_PrefabParentObject: {fileID: 100056, guid: 97cd899cd9369b2468f25810d390aed0, type: 3}
  m_PrefabInternal: {fileID: 530056579}
  serializedVersion: 5
  m_Component:
  - component: {fileID: 1308503720}
  m_Layer: 0
  m_Name: RightHand
  m_TagString: Untagged
  m_Icon: {fileID: 0}
  m_NavMeshLayer: 0
  m_StaticEditorFlags: 0
  m_IsActive: 1
--- !u!4 &1308503720
Transform:
  m_ObjectHideFlags: 0
  m_PrefabParentObject: {fileID: 400056, guid: 97cd899cd9369b2468f25810d390aed0, type: 3}
  m_PrefabInternal: {fileID: 530056579}
  m_GameObject: {fileID: 1308503719}
  m_LocalRotation: {x: 0.75060445, y: 0.08141297, z: -0.1571696, w: 0.6366024}
  m_LocalPosition: {x: -0.22099167, y: -0.0000000047683715, z: -0.000000076293944}
  m_LocalScale: {x: 1.0000001, y: 1.0000001, z: 1.0000004}
  m_Children: []
  m_Father: {fileID: 1653553079}
  m_RootOrder: 0
  m_LocalEulerAnglesHint: {x: 0, y: 0, z: 0}
--- !u!1 &1459482838
GameObject:
  m_ObjectHideFlags: 0
  m_PrefabParentObject: {fileID: 100034, guid: 97cd899cd9369b2468f25810d390aed0, type: 3}
  m_PrefabInternal: {fileID: 530056579}
  serializedVersion: 5
  m_Component:
  - component: {fileID: 1459482839}
  - component: {fileID: 1459482840}
  m_Layer: 0
  m_Name: LeftTale3
  m_TagString: Untagged
  m_Icon: {fileID: 0}
  m_NavMeshLayer: 0
  m_StaticEditorFlags: 0
  m_IsActive: 1
--- !u!4 &1459482839
Transform:
  m_ObjectHideFlags: 0
  m_PrefabParentObject: {fileID: 400034, guid: 97cd899cd9369b2468f25810d390aed0, type: 3}
  m_PrefabInternal: {fileID: 530056579}
  m_GameObject: {fileID: 1459482838}
  m_LocalRotation: {x: 0.021567853, y: 0.00031119084, z: 0.07452892, w: 0.99698555}
  m_LocalPosition: {x: -0.19411322, y: -0.000000114440915, z: -0.000001335144}
  m_LocalScale: {x: 0.99999994, y: 1.0000002, z: 1.0000005}
  m_Children:
  - {fileID: 559969932}
  m_Father: {fileID: 1180306737}
  m_RootOrder: 0
  m_LocalEulerAnglesHint: {x: 0, y: 0, z: 0}
--- !u!114 &1459482840
MonoBehaviour:
  m_ObjectHideFlags: 0
  m_PrefabParentObject: {fileID: 0}
  m_PrefabInternal: {fileID: 0}
  m_GameObject: {fileID: 1459482838}
  m_Enabled: 1
  m_EditorHideFlags: 0
  m_Script: {fileID: 11500000, guid: 37b7c58dc2d739b4c90fe59f6875debf, type: 3}
  m_Name: 
  m_EditorClassIdentifier: 
  child: {fileID: 559969932}
  boneAxis: {x: -1, y: 0, z: 0}
  radius: 0.05
  isUseEachBoneForceSettings: 1
  stiffnessForce: 0.01
  dragForce: 0.1
  springForce: {x: 0, y: -0.0001, z: 0}
  colliders:
  - {fileID: 1495666429}
  debug: 1
  threshold: 0.01
--- !u!1 &1482950881
GameObject:
  m_ObjectHideFlags: 0
  m_PrefabParentObject: {fileID: 100042, guid: 97cd899cd9369b2468f25810d390aed0, type: 3}
  m_PrefabInternal: {fileID: 530056579}
  serializedVersion: 5
  m_Component:
  - component: {fileID: 1482950883}
  - component: {fileID: 1482950882}
  m_Layer: 0
  m_Name: PC01_Kohaku
  m_TagString: Untagged
  m_Icon: {fileID: 0}
  m_NavMeshLayer: 0
  m_StaticEditorFlags: 0
  m_IsActive: 1
--- !u!95 &1482950882
Animator:
  serializedVersion: 3
  m_ObjectHideFlags: 0
  m_PrefabParentObject: {fileID: 9500000, guid: 97cd899cd9369b2468f25810d390aed0,
    type: 3}
  m_PrefabInternal: {fileID: 530056579}
  m_GameObject: {fileID: 1482950881}
  m_Enabled: 1
  m_Avatar: {fileID: 9000000, guid: 97cd899cd9369b2468f25810d390aed0, type: 3}
  m_Controller: {fileID: 0}
  m_CullingMode: 1
  m_UpdateMode: 0
  m_ApplyRootMotion: 0
  m_LinearVelocityBlending: 0
  m_WarningMessage: 
  m_HasTransformHierarchy: 1
  m_AllowConstantClipSamplingOptimization: 1
--- !u!4 &1482950883
Transform:
  m_ObjectHideFlags: 0
  m_PrefabParentObject: {fileID: 400042, guid: 97cd899cd9369b2468f25810d390aed0, type: 3}
  m_PrefabInternal: {fileID: 530056579}
  m_GameObject: {fileID: 1482950881}
  m_LocalRotation: {x: 0, y: 0, z: 0, w: 1}
  m_LocalPosition: {x: 0, y: 0, z: 0}
  m_LocalScale: {x: 1, y: 1, z: 1}
  m_Children:
  - {fileID: 482746596}
  - {fileID: 1882680699}
  m_Father: {fileID: 0}
  m_RootOrder: 1
  m_LocalEulerAnglesHint: {x: 0, y: 0, z: 0}
--- !u!1 &1495666427
GameObject:
  m_ObjectHideFlags: 0
  m_PrefabParentObject: {fileID: 100014, guid: 97cd899cd9369b2468f25810d390aed0, type: 3}
  m_PrefabInternal: {fileID: 530056579}
  serializedVersion: 5
  m_Component:
  - component: {fileID: 1495666428}
  - component: {fileID: 1495666429}
  m_Layer: 0
  m_Name: LeftForeArm
  m_TagString: Untagged
  m_Icon: {fileID: 0}
  m_NavMeshLayer: 0
  m_StaticEditorFlags: 0
  m_IsActive: 1
--- !u!4 &1495666428
Transform:
  m_ObjectHideFlags: 0
  m_PrefabParentObject: {fileID: 400014, guid: 97cd899cd9369b2468f25810d390aed0, type: 3}
  m_PrefabInternal: {fileID: 530056579}
  m_GameObject: {fileID: 1495666427}
  m_LocalRotation: {x: -0.000000022093227, y: -0.00000005987685, z: 0.0121216215,
    w: 0.99992657}
  m_LocalPosition: {x: -0.22445877, y: -0.0000000047683715, z: -0.000000076293944}
  m_LocalScale: {x: 1.0000001, y: 0.9999999, z: 1.0000001}
  m_Children:
  - {fileID: 1575859272}
  m_Father: {fileID: 1820625518}
  m_RootOrder: 0
  m_LocalEulerAnglesHint: {x: 0, y: 0, z: 0}
--- !u!114 &1495666429
MonoBehaviour:
  m_ObjectHideFlags: 0
  m_PrefabParentObject: {fileID: 0}
  m_PrefabInternal: {fileID: 0}
  m_GameObject: {fileID: 1495666427}
  m_Enabled: 1
  m_EditorHideFlags: 0
  m_Script: {fileID: 11500000, guid: fcb73b690c023734fb267911061a15c6, type: 3}
  m_Name: 
  m_EditorClassIdentifier: 
  radius: 0.16
--- !u!1 &1542444025
GameObject:
  m_ObjectHideFlags: 0
  m_PrefabParentObject: {fileID: 100004, guid: 97cd899cd9369b2468f25810d390aed0, type: 3}
  m_PrefabInternal: {fileID: 530056579}
  serializedVersion: 5
  m_Component:
  - component: {fileID: 1542444026}
  m_Layer: 0
  m_Name: Hips
  m_TagString: Untagged
  m_Icon: {fileID: 0}
  m_NavMeshLayer: 0
  m_StaticEditorFlags: 0
  m_IsActive: 1
--- !u!4 &1542444026
Transform:
  m_ObjectHideFlags: 0
  m_PrefabParentObject: {fileID: 400004, guid: 97cd899cd9369b2468f25810d390aed0, type: 3}
  m_PrefabInternal: {fileID: 530056579}
  m_GameObject: {fileID: 1542444025}
  m_LocalRotation: {x: 0.7071068, y: -0.0000009693778, z: -0.7071068, w: -0.0000009693778}
  m_LocalPosition: {x: 6.897294e-10, y: -0.015779164, z: 0.62953776}
  m_LocalScale: {x: 1, y: 0.9999999, z: 0.9999999}
  m_Children:
  - {fileID: 757902310}
  - {fileID: 724453307}
  - {fileID: 179476979}
  - {fileID: 1974113005}
  - {fileID: 2092355339}
  - {fileID: 833630977}
  - {fileID: 1996966302}
  m_Father: {fileID: 1882680699}
  m_RootOrder: 0
  m_LocalEulerAnglesHint: {x: 0, y: 0, z: 0}
--- !u!1 &1571356779
GameObject:
  m_ObjectHideFlags: 0
  m_PrefabParentObject: {fileID: 100036, guid: 97cd899cd9369b2468f25810d390aed0, type: 3}
  m_PrefabInternal: {fileID: 530056579}
  serializedVersion: 5
  m_Component:
  - component: {fileID: 559969932}
  m_Layer: 0
  m_Name: LeftTale4
  m_TagString: Untagged
  m_Icon: {fileID: 0}
  m_NavMeshLayer: 0
  m_StaticEditorFlags: 0
  m_IsActive: 1
--- !u!1 &1575859271
GameObject:
  m_ObjectHideFlags: 0
  m_PrefabParentObject: {fileID: 100016, guid: 97cd899cd9369b2468f25810d390aed0, type: 3}
  m_PrefabInternal: {fileID: 530056579}
  serializedVersion: 5
  m_Component:
  - component: {fileID: 1575859272}
  m_Layer: 0
  m_Name: LeftHand
  m_TagString: Untagged
  m_Icon: {fileID: 0}
  m_NavMeshLayer: 0
  m_StaticEditorFlags: 0
  m_IsActive: 1
--- !u!4 &1575859272
Transform:
  m_ObjectHideFlags: 0
  m_PrefabParentObject: {fileID: 400016, guid: 97cd899cd9369b2468f25810d390aed0, type: 3}
  m_PrefabInternal: {fileID: 530056579}
  m_GameObject: {fileID: 1575859271}
  m_LocalRotation: {x: -0.7506044, y: -0.08141338, z: -0.15716945, w: 0.63660246}
  m_LocalPosition: {x: -0.22099178, y: 0.000000009536743, z: 0.00000015258789}
  m_LocalScale: {x: 0.99999994, y: 0.9999997, z: 0.99999994}
  m_Children: []
  m_Father: {fileID: 1495666428}
  m_RootOrder: 0
  m_LocalEulerAnglesHint: {x: 0, y: 0, z: 0}
--- !u!1 &1616770218
GameObject:
  m_ObjectHideFlags: 0
  m_PrefabParentObject: {fileID: 100082, guid: 97cd899cd9369b2468f25810d390aed0, type: 3}
  m_PrefabInternal: {fileID: 530056579}
  serializedVersion: 5
  m_Component:
  - component: {fileID: 1616770219}
  m_Layer: 0
  m_Name: Spine1
  m_TagString: Untagged
  m_Icon: {fileID: 0}
  m_NavMeshLayer: 0
  m_StaticEditorFlags: 0
  m_IsActive: 1
--- !u!4 &1616770219
Transform:
  m_ObjectHideFlags: 0
  m_PrefabParentObject: {fileID: 400082, guid: 97cd899cd9369b2468f25810d390aed0, type: 3}
  m_PrefabInternal: {fileID: 530056579}
  m_GameObject: {fileID: 1616770218}
  m_LocalRotation: {x: -0.000000017718778, y: -0.0000003104449, z: 0.13479675, w: 0.9908733}
  m_LocalPosition: {x: -0.11465355, y: -0.00010006427, z: -0.000000010662479}
  m_LocalScale: {x: 0.9999999, y: 0.99999976, z: 0.9999999}
  m_Children:
  - {fileID: 2031467850}
  m_Father: {fileID: 1996966302}
  m_RootOrder: 0
  m_LocalEulerAnglesHint: {x: 0, y: 0, z: 0}
--- !u!1 &1629974035
GameObject:
  m_ObjectHideFlags: 0
  m_PrefabParentObject: {fileID: 100072, guid: 97cd899cd9369b2468f25810d390aed0, type: 3}
  m_PrefabInternal: {fileID: 530056579}
  serializedVersion: 5
  m_Component:
  - component: {fileID: 1629974036}
  - component: {fileID: 1629974037}
  m_Layer: 0
  m_Name: RightTale2
  m_TagString: Untagged
  m_Icon: {fileID: 0}
  m_NavMeshLayer: 0
  m_StaticEditorFlags: 0
  m_IsActive: 1
--- !u!4 &1629974036
Transform:
  m_ObjectHideFlags: 0
  m_PrefabParentObject: {fileID: 400072, guid: 97cd899cd9369b2468f25810d390aed0, type: 3}
  m_PrefabInternal: {fileID: 530056579}
  m_GameObject: {fileID: 1629974035}
  m_LocalRotation: {x: -0.059801415, y: 0.017075533, z: 0.059266318, w: 0.996303}
  m_LocalPosition: {x: -0.38796782, y: 0.00000072479247, z: 0.0000037384032}
  m_LocalScale: {x: 0.99999917, y: 1.0000012, z: 1.0000038}
  m_Children:
  - {fileID: 2026458154}
  m_Father: {fileID: 1111860977}
  m_RootOrder: 0
  m_LocalEulerAnglesHint: {x: 0, y: 0, z: 0}
--- !u!114 &1629974037
MonoBehaviour:
  m_ObjectHideFlags: 0
  m_PrefabParentObject: {fileID: 0}
  m_PrefabInternal: {fileID: 0}
  m_GameObject: {fileID: 1629974035}
  m_Enabled: 1
  m_EditorHideFlags: 0
  m_Script: {fileID: 11500000, guid: 37b7c58dc2d739b4c90fe59f6875debf, type: 3}
  m_Name: 
  m_EditorClassIdentifier: 
  child: {fileID: 2026458154}
  boneAxis: {x: -1, y: 0, z: 0}
  radius: 0.05
  isUseEachBoneForceSettings: 1
  stiffnessForce: 0.01
  dragForce: 0.1
  springForce: {x: 0, y: -0.0001, z: 0}
  colliders:
  - {fileID: 1653553080}
  debug: 1
  threshold: 0.01
--- !u!1 &1641811906
GameObject:
  m_ObjectHideFlags: 0
  m_PrefabParentObject: {fileID: 100030, guid: 97cd899cd9369b2468f25810d390aed0, type: 3}
  m_PrefabInternal: {fileID: 530056579}
  serializedVersion: 5
  m_Component:
  - component: {fileID: 1641811907}
  - component: {fileID: 1641811908}
  m_Layer: 0
  m_Name: LeftTale1
  m_TagString: Untagged
  m_Icon: {fileID: 0}
  m_NavMeshLayer: 0
  m_StaticEditorFlags: 0
  m_IsActive: 1
--- !u!4 &1641811907
Transform:
  m_ObjectHideFlags: 0
  m_PrefabParentObject: {fileID: 400030, guid: 97cd899cd9369b2468f25810d390aed0, type: 3}
  m_PrefabInternal: {fileID: 530056579}
  m_GameObject: {fileID: 1641811906}
  m_LocalRotation: {x: -0.14050166, y: -0.073776945, z: 0.98679286, w: 0.032498132}
  m_LocalPosition: {x: 0.030754775, y: -0.09676822, z: 0.10129501}
  m_LocalScale: {x: 0.99999994, y: 1.0000005, z: 0.99999934}
  m_Children:
  - {fileID: 1180306737}
  m_Father: {fileID: 1147909959}
  m_RootOrder: 3
  m_LocalEulerAnglesHint: {x: 0, y: 0, z: 0}
--- !u!114 &1641811908
MonoBehaviour:
  m_ObjectHideFlags: 0
  m_PrefabParentObject: {fileID: 0}
  m_PrefabInternal: {fileID: 0}
  m_GameObject: {fileID: 1641811906}
  m_Enabled: 1
  m_EditorHideFlags: 0
  m_Script: {fileID: 11500000, guid: 37b7c58dc2d739b4c90fe59f6875debf, type: 3}
  m_Name: 
  m_EditorClassIdentifier: 
  child: {fileID: 1180306737}
  boneAxis: {x: -1, y: 0, z: 0}
  radius: 0.05
  isUseEachBoneForceSettings: 1
  stiffnessForce: 0.01
  dragForce: 0.1
  springForce: {x: 0, y: -0.0001, z: 0}
  colliders:
  - {fileID: 1495666429}
  debug: 1
  threshold: 0.01
--- !u!1 &1653553078
GameObject:
  m_ObjectHideFlags: 0
  m_PrefabParentObject: {fileID: 100054, guid: 97cd899cd9369b2468f25810d390aed0, type: 3}
  m_PrefabInternal: {fileID: 530056579}
  serializedVersion: 5
  m_Component:
  - component: {fileID: 1653553079}
  - component: {fileID: 1653553080}
  m_Layer: 0
  m_Name: RightForeArm
  m_TagString: Untagged
  m_Icon: {fileID: 0}
  m_NavMeshLayer: 0
  m_StaticEditorFlags: 0
  m_IsActive: 1
--- !u!4 &1653553079
Transform:
  m_ObjectHideFlags: 0
  m_PrefabParentObject: {fileID: 400054, guid: 97cd899cd9369b2468f25810d390aed0, type: 3}
  m_PrefabInternal: {fileID: 530056579}
  m_GameObject: {fileID: 1653553078}
  m_LocalRotation: {x: -0.000000018568848, y: 0.00000014879744, z: 0.012121663, w: 0.99992657}
  m_LocalPosition: {x: -0.22445877, y: -0.000000047683713, z: 0.000000076293944}
  m_LocalScale: {x: 1.0000002, y: 0.99999976, z: 1.0000001}
  m_Children:
  - {fileID: 1308503720}
  m_Father: {fileID: 879454243}
  m_RootOrder: 0
  m_LocalEulerAnglesHint: {x: 0, y: 0, z: 0}
--- !u!114 &1653553080
MonoBehaviour:
  m_ObjectHideFlags: 0
  m_PrefabParentObject: {fileID: 0}
  m_PrefabInternal: {fileID: 0}
  m_GameObject: {fileID: 1653553078}
  m_Enabled: 1
  m_EditorHideFlags: 0
  m_Script: {fileID: 11500000, guid: fcb73b690c023734fb267911061a15c6, type: 3}
  m_Name: 
  m_EditorClassIdentifier: 
  radius: 0.16
--- !u!4 &1675687269
Transform:
  m_ObjectHideFlags: 0
  m_PrefabParentObject: {fileID: 400076, guid: 97cd899cd9369b2468f25810d390aed0, type: 3}
  m_PrefabInternal: {fileID: 530056579}
  m_GameObject: {fileID: 511044910}
  m_LocalRotation: {x: 0.050882496, y: -0.7057788, z: 0.0069815237, w: 0.7065682}
  m_LocalPosition: {x: -0.18327053, y: -0.00000028610228, z: 0.0000035476685}
  m_LocalScale: {x: 1.0000035, y: 1.0000001, z: 0.999996}
  m_Children: []
  m_Father: {fileID: 2026458154}
  m_RootOrder: 0
  m_LocalEulerAnglesHint: {x: 0, y: 0, z: 0}
--- !u!1 &1714344458
GameObject:
  m_ObjectHideFlags: 0
  m_PrefabParentObject: {fileID: 100064, guid: 97cd899cd9369b2468f25810d390aed0, type: 3}
  m_PrefabInternal: {fileID: 530056579}
  serializedVersion: 5
  m_Component:
  - component: {fileID: 1714344459}
  m_Layer: 0
  m_Name: RightShoulder
  m_TagString: Untagged
  m_Icon: {fileID: 0}
  m_NavMeshLayer: 0
  m_StaticEditorFlags: 0
  m_IsActive: 1
--- !u!4 &1714344459
Transform:
  m_ObjectHideFlags: 0
  m_PrefabParentObject: {fileID: 400064, guid: 97cd899cd9369b2468f25810d390aed0, type: 3}
  m_PrefabInternal: {fileID: 530056579}
  m_GameObject: {fileID: 1714344458}
  m_LocalRotation: {x: 0.62508416, y: 0.03692793, z: 0.77913946, w: 0.029117605}
  m_LocalPosition: {x: -0.10608558, y: -0.0019089889, z: -0.029466555}
  m_LocalScale: {x: 0.9999999, y: 0.99999994, z: 0.99999994}
  m_Children:
  - {fileID: 879454243}
  m_Father: {fileID: 2031467850}
  m_RootOrder: 2
  m_LocalEulerAnglesHint: {x: 0, y: 0, z: 0}
--- !u!1 &1785491239
GameObject:
  m_ObjectHideFlags: 0
  m_PrefabParentObject: {fileID: 100052, guid: 97cd899cd9369b2468f25810d390aed0, type: 3}
  m_PrefabInternal: {fileID: 530056579}
  serializedVersion: 5
  m_Component:
  - component: {fileID: 1785491240}
  m_Layer: 0
  m_Name: RightFoot
  m_TagString: Untagged
  m_Icon: {fileID: 0}
  m_NavMeshLayer: 0
  m_StaticEditorFlags: 0
  m_IsActive: 1
--- !u!4 &1785491240
Transform:
  m_ObjectHideFlags: 0
  m_PrefabParentObject: {fileID: 400052, guid: 97cd899cd9369b2468f25810d390aed0, type: 3}
  m_PrefabInternal: {fileID: 530056579}
  m_GameObject: {fileID: 1785491239}
  m_LocalRotation: {x: -0.006215295, y: 0.069325075, z: -0.07507137, w: 0.9947461}
  m_LocalPosition: {x: -0.27181754, y: -0.000000023841856, z: 0.000000026226044}
  m_LocalScale: {x: 1.0000001, y: 1.0000002, z: 1}
  m_Children: []
  m_Father: {fileID: 1053255895}
  m_RootOrder: 0
  m_LocalEulerAnglesHint: {x: 0, y: 0, z: 0}
--- !u!1 &1820625517
GameObject:
  m_ObjectHideFlags: 0
  m_PrefabParentObject: {fileID: 100008, guid: 97cd899cd9369b2468f25810d390aed0, type: 3}
  m_PrefabInternal: {fileID: 530056579}
  serializedVersion: 5
  m_Component:
  - component: {fileID: 1820625518}
  m_Layer: 0
  m_Name: LeftArm
  m_TagString: Untagged
  m_Icon: {fileID: 0}
  m_NavMeshLayer: 0
  m_StaticEditorFlags: 0
  m_IsActive: 1
--- !u!4 &1820625518
Transform:
  m_ObjectHideFlags: 0
  m_PrefabParentObject: {fileID: 400008, guid: 97cd899cd9369b2468f25810d390aed0, type: 3}
  m_PrefabInternal: {fileID: 530056579}
  m_GameObject: {fileID: 1820625517}
  m_LocalRotation: {x: 0.18637757, y: -0.28389338, z: -0.0046281996, w: 0.9405565}
  m_LocalPosition: {x: -0.08645228, y: 0.000000038146972, z: 0}
  m_LocalScale: {x: 0.9999999, y: 1, z: 0.9999999}
  m_Children:
  - {fileID: 1495666428}
  m_Father: {fileID: 780566021}
  m_RootOrder: 0
  m_LocalEulerAnglesHint: {x: 0, y: 0, z: 0}
--- !u!1 &1882117463
GameObject:
  m_ObjectHideFlags: 0
  m_PrefabParentObject: {fileID: 100012, guid: 97cd899cd9369b2468f25810d390aed0, type: 3}
  m_PrefabInternal: {fileID: 530056579}
  serializedVersion: 5
  m_Component:
  - component: {fileID: 1882117464}
  m_Layer: 0
  m_Name: LeftFoot
  m_TagString: Untagged
  m_Icon: {fileID: 0}
  m_NavMeshLayer: 0
  m_StaticEditorFlags: 0
  m_IsActive: 1
--- !u!4 &1882117464
Transform:
  m_ObjectHideFlags: 0
  m_PrefabParentObject: {fileID: 400012, guid: 97cd899cd9369b2468f25810d390aed0, type: 3}
  m_PrefabInternal: {fileID: 530056579}
  m_GameObject: {fileID: 1882117463}
  m_LocalRotation: {x: 0.0062151523, y: -0.06932506, z: -0.075072445, w: 0.99474597}
  m_LocalPosition: {x: -0.2718176, y: 0.000000014305114, z: 0.000000029802322}
  m_LocalScale: {x: 1, y: 1.0000001, z: 0.99999994}
  m_Children: []
  m_Father: {fileID: 1077334114}
  m_RootOrder: 0
  m_LocalEulerAnglesHint: {x: 0, y: 0, z: 0}
--- !u!1 &1882680698
GameObject:
  m_ObjectHideFlags: 0
  m_PrefabParentObject: {fileID: 100046, guid: 97cd899cd9369b2468f25810d390aed0, type: 3}
  m_PrefabInternal: {fileID: 530056579}
  serializedVersion: 5
  m_Component:
  - component: {fileID: 1882680699}
  - component: {fileID: 1882680700}
  m_Layer: 0
  m_Name: Reference
  m_TagString: Untagged
  m_Icon: {fileID: 0}
  m_NavMeshLayer: 0
  m_StaticEditorFlags: 0
  m_IsActive: 1
--- !u!4 &1882680699
Transform:
  m_ObjectHideFlags: 0
  m_PrefabParentObject: {fileID: 400046, guid: 97cd899cd9369b2468f25810d390aed0, type: 3}
  m_PrefabInternal: {fileID: 530056579}
  m_GameObject: {fileID: 1882680698}
  m_LocalRotation: {x: -0.7071068, y: 0, z: -0, w: 0.7071068}
  m_LocalPosition: {x: -0, y: 0, z: 0}
  m_LocalScale: {x: 1, y: 1, z: 1}
  m_Children:
  - {fileID: 1542444026}
  m_Father: {fileID: 1482950883}
  m_RootOrder: 1
  m_LocalEulerAnglesHint: {x: 0, y: 0, z: 0}
--- !u!114 &1882680700
MonoBehaviour:
  m_ObjectHideFlags: 0
  m_PrefabParentObject: {fileID: 0}
  m_PrefabInternal: {fileID: 0}
  m_GameObject: {fileID: 1882680698}
  m_Enabled: 1
  m_EditorHideFlags: 0
  m_Script: {fileID: 11500000, guid: 6514ba86f976d724ab63844a6015b2aa, type: 3}
  m_Name: 
  m_EditorClassIdentifier: 
  dynamicRatio: 1
  stiffnessForce: 0.06
  stiffnessCurve:
    serializedVersion: 2
    m_Curve:
    - serializedVersion: 2
      time: 0
      value: 0
      inSlope: 0
      outSlope: 0
      tangentMode: 0
    - serializedVersion: 2
      time: 1
      value: 1
      inSlope: 2
      outSlope: 2
      tangentMode: 0
    m_PreInfinity: 2
    m_PostInfinity: 2
    m_RotationOrder: 0
  dragForce: 0.6
  dragCurve:
    serializedVersion: 2
    m_Curve:
    - serializedVersion: 2
      time: 0
      value: 0
      inSlope: 0
      outSlope: 0
      tangentMode: 0
    - serializedVersion: 2
      time: 1
      value: 1
      inSlope: 2
      outSlope: 2
      tangentMode: 0
    m_PreInfinity: 2
    m_PostInfinity: 2
    m_RotationOrder: 0
  springBones:
  - {fileID: 2062080705}
  - {fileID: 351312107}
  - {fileID: 1641811908}
  - {fileID: 1180306738}
  - {fileID: 1459482840}
  - {fileID: 1111860978}
  - {fileID: 1629974037}
  - {fileID: 2026458155}
--- !u!1 &1955887647
GameObject:
  m_ObjectHideFlags: 0
  m_PrefabParentObject: {fileID: 100006, guid: 97cd899cd9369b2468f25810d390aed0, type: 3}
  m_PrefabInternal: {fileID: 530056579}
  serializedVersion: 5
  m_Component:
  - component: {fileID: 1955887648}
  m_Layer: 0
  m_Name: Jaw
  m_TagString: Untagged
  m_Icon: {fileID: 0}
  m_NavMeshLayer: 0
  m_StaticEditorFlags: 0
  m_IsActive: 1
--- !u!4 &1955887648
Transform:
  m_ObjectHideFlags: 0
  m_PrefabParentObject: {fileID: 400006, guid: 97cd899cd9369b2468f25810d390aed0, type: 3}
  m_PrefabInternal: {fileID: 530056579}
  m_GameObject: {fileID: 1955887647}
  m_LocalRotation: {x: 0.70550156, y: 0.04761854, z: -0.70550156, w: 0.04761854}
  m_LocalPosition: {x: -0.042979352, y: 0.028087748, z: 0.00000023001317}
  m_LocalScale: {x: 0.99999946, y: 0.9999999, z: 1}
  m_Children: []
  m_Father: {fileID: 1147909959}
  m_RootOrder: 0
  m_LocalEulerAnglesHint: {x: 0, y: 0, z: 0}
--- !u!1 &1974113004
GameObject:
  m_ObjectHideFlags: 0
  m_PrefabParentObject: {fileID: 100066, guid: 97cd899cd9369b2468f25810d390aed0, type: 3}
  m_PrefabInternal: {fileID: 530056579}
  serializedVersion: 5
  m_Component:
  - component: {fileID: 1974113005}
  m_Layer: 0
  m_Name: RightSusoBack
  m_TagString: Untagged
  m_Icon: {fileID: 0}
  m_NavMeshLayer: 0
  m_StaticEditorFlags: 0
  m_IsActive: 1
--- !u!4 &1974113005
Transform:
  m_ObjectHideFlags: 0
  m_PrefabParentObject: {fileID: 400066, guid: 97cd899cd9369b2468f25810d390aed0, type: 3}
  m_PrefabInternal: {fileID: 530056579}
  m_GameObject: {fileID: 1974113004}
  m_LocalRotation: {x: 0.01955499, y: -0.6405329, z: -0.13691242, w: 0.7553742}
  m_LocalPosition: {x: -0.103113286, y: -0.10920029, z: -0.07957731}
  m_LocalScale: {x: -1.0000001, y: -1, z: -1.0000002}
  m_Children: []
  m_Father: {fileID: 1542444026}
  m_RootOrder: 3
  m_LocalEulerAnglesHint: {x: 0, y: 0, z: 0}
--- !u!1 &1996966301
GameObject:
  m_ObjectHideFlags: 0
  m_PrefabParentObject: {fileID: 100080, guid: 97cd899cd9369b2468f25810d390aed0, type: 3}
  m_PrefabInternal: {fileID: 530056579}
  serializedVersion: 5
  m_Component:
  - component: {fileID: 1996966302}
  m_Layer: 0
  m_Name: Spine
  m_TagString: Untagged
  m_Icon: {fileID: 0}
  m_NavMeshLayer: 0
  m_StaticEditorFlags: 0
  m_IsActive: 1
--- !u!4 &1996966302
Transform:
  m_ObjectHideFlags: 0
  m_PrefabParentObject: {fileID: 400080, guid: 97cd899cd9369b2468f25810d390aed0, type: 3}
  m_PrefabInternal: {fileID: 530056579}
  m_GameObject: {fileID: 1996966301}
  m_LocalRotation: {x: -0.0000020927139, y: 0.0000007808391, z: -0.034967624, w: 0.99938846}
  m_LocalPosition: {x: -0.1295904, y: -0.00009106636, z: 0.00000019764913}
  m_LocalScale: {x: 1.0000004, y: 1.0000002, z: 1.0000002}
  m_Children:
  - {fileID: 1616770219}
  m_Father: {fileID: 1542444026}
  m_RootOrder: 6
  m_LocalEulerAnglesHint: {x: 0, y: 0, z: 0}
--- !u!1 &2026458153
GameObject:
  m_ObjectHideFlags: 0
  m_PrefabParentObject: {fileID: 100074, guid: 97cd899cd9369b2468f25810d390aed0, type: 3}
  m_PrefabInternal: {fileID: 530056579}
  serializedVersion: 5
  m_Component:
  - component: {fileID: 2026458154}
  - component: {fileID: 2026458155}
  m_Layer: 0
  m_Name: RightTale3
  m_TagString: Untagged
  m_Icon: {fileID: 0}
  m_NavMeshLayer: 0
  m_StaticEditorFlags: 0
  m_IsActive: 1
--- !u!4 &2026458154
Transform:
  m_ObjectHideFlags: 0
  m_PrefabParentObject: {fileID: 400074, guid: 97cd899cd9369b2468f25810d390aed0, type: 3}
  m_PrefabInternal: {fileID: 530056579}
  m_GameObject: {fileID: 2026458153}
  m_LocalRotation: {x: -0.02156683, y: -0.00032181697, z: 0.07452849, w: 0.9969856}
  m_LocalPosition: {x: -0.19411491, y: -0.000000076293944, z: 0.000000114440915}
  m_LocalScale: {x: 0.99999624, y: 1.0000001, z: 1.0000039}
  m_Children:
  - {fileID: 1675687269}
  m_Father: {fileID: 1629974036}
  m_RootOrder: 0
  m_LocalEulerAnglesHint: {x: 0, y: 0, z: 0}
--- !u!114 &2026458155
MonoBehaviour:
  m_ObjectHideFlags: 0
  m_PrefabParentObject: {fileID: 0}
  m_PrefabInternal: {fileID: 0}
  m_GameObject: {fileID: 2026458153}
  m_Enabled: 1
  m_EditorHideFlags: 0
  m_Script: {fileID: 11500000, guid: 37b7c58dc2d739b4c90fe59f6875debf, type: 3}
  m_Name: 
  m_EditorClassIdentifier: 
  child: {fileID: 1675687269}
  boneAxis: {x: -1, y: 0, z: 0}
  radius: 0.05
  isUseEachBoneForceSettings: 1
  stiffnessForce: 0.01
  dragForce: 0.1
  springForce: {x: 0, y: -0.0001, z: 0}
  colliders:
  - {fileID: 1653553080}
  debug: 1
  threshold: 0.01
--- !u!1 &2031467849
GameObject:
  m_ObjectHideFlags: 0
  m_PrefabParentObject: {fileID: 100084, guid: 97cd899cd9369b2468f25810d390aed0, type: 3}
  m_PrefabInternal: {fileID: 530056579}
  serializedVersion: 5
  m_Component:
  - component: {fileID: 2031467850}
  m_Layer: 0
  m_Name: Spine2
  m_TagString: Untagged
  m_Icon: {fileID: 0}
  m_NavMeshLayer: 0
  m_StaticEditorFlags: 0
  m_IsActive: 1
--- !u!4 &2031467850
Transform:
  m_ObjectHideFlags: 0
  m_PrefabParentObject: {fileID: 400084, guid: 97cd899cd9369b2468f25810d390aed0, type: 3}
  m_PrefabInternal: {fileID: 530056579}
  m_GameObject: {fileID: 2031467849}
  m_LocalRotation: {x: -0.000000032669554, y: -0.00000034919304, z: 0.06432981, w: 0.9979287}
  m_LocalPosition: {x: -0.13041137, y: -0.00010416031, z: 0.000000019282888}
  m_LocalScale: {x: 1.0000002, y: 1.0000005, z: 1.0000002}
  m_Children:
  - {fileID: 780566021}
  - {fileID: 1219230913}
  - {fileID: 1714344459}
  m_Father: {fileID: 1616770219}
  m_RootOrder: 0
  m_LocalEulerAnglesHint: {x: 0, y: 0, z: 0}
--- !u!1 &2062080703
GameObject:
  m_ObjectHideFlags: 0
  m_PrefabParentObject: {fileID: 100020, guid: 97cd899cd9369b2468f25810d390aed0, type: 3}
  m_PrefabInternal: {fileID: 530056579}
  serializedVersion: 5
  m_Component:
  - component: {fileID: 2062080704}
  - component: {fileID: 2062080705}
  m_Layer: 0
  m_Name: LeftRibbon1
  m_TagString: Untagged
  m_Icon: {fileID: 0}
  m_NavMeshLayer: 0
  m_StaticEditorFlags: 0
  m_IsActive: 1
--- !u!4 &2062080704
Transform:
  m_ObjectHideFlags: 0
  m_PrefabParentObject: {fileID: 400020, guid: 97cd899cd9369b2468f25810d390aed0, type: 3}
  m_PrefabInternal: {fileID: 530056579}
  m_GameObject: {fileID: 2062080703}
  m_LocalRotation: {x: -0.43782645, y: -0.26207554, z: 0.6791634, w: 0.5275998}
  m_LocalPosition: {x: -0.27596655, y: 0.053312033, z: 0.0928185}
  m_LocalScale: {x: 0.99999946, y: 1, z: 1}
  m_Children:
  - {fileID: 1135278429}
  m_Father: {fileID: 1147909959}
  m_RootOrder: 2
  m_LocalEulerAnglesHint: {x: 0, y: 0, z: 0}
--- !u!114 &2062080705
MonoBehaviour:
  m_ObjectHideFlags: 0
  m_PrefabParentObject: {fileID: 0}
  m_PrefabInternal: {fileID: 0}
  m_GameObject: {fileID: 2062080703}
  m_Enabled: 1
  m_EditorHideFlags: 0
  m_Script: {fileID: 11500000, guid: 37b7c58dc2d739b4c90fe59f6875debf, type: 3}
  m_Name: 
  m_EditorClassIdentifier: 
  child: {fileID: 1135278429}
  boneAxis: {x: -1, y: 0, z: 0}
  radius: 0.05
  isUseEachBoneForceSettings: 1
  stiffnessForce: 0.01
  dragForce: 0.3
  springForce: {x: 0, y: -0.0001, z: 0}
  colliders: []
  debug: 1
  threshold: 0.01
--- !u!1 &2092355338
GameObject:
  m_ObjectHideFlags: 0
  m_PrefabParentObject: {fileID: 100068, guid: 97cd899cd9369b2468f25810d390aed0, type: 3}
  m_PrefabInternal: {fileID: 530056579}
  serializedVersion: 5
  m_Component:
  - component: {fileID: 2092355339}
  m_Layer: 0
  m_Name: RightSusoFront
  m_TagString: Untagged
  m_Icon: {fileID: 0}
  m_NavMeshLayer: 0
  m_StaticEditorFlags: 0
  m_IsActive: 1
--- !u!4 &2092355339
Transform:
  m_ObjectHideFlags: 0
  m_PrefabParentObject: {fileID: 400068, guid: 97cd899cd9369b2468f25810d390aed0, type: 3}
  m_PrefabInternal: {fileID: 530056579}
  m_GameObject: {fileID: 2092355338}
  m_LocalRotation: {x: -0.60415465, y: 0.09459874, z: 0.7223703, w: -0.32284573}
  m_LocalPosition: {x: -0.08934673, y: 0.07710937, z: -0.09567283}
  m_LocalScale: {x: -1, y: -1.0000005, z: -1.0000004}
  m_Children: []
  m_Father: {fileID: 1542444026}
  m_RootOrder: 4
  m_LocalEulerAnglesHint: {x: 0, y: 0, z: 0}
